3793 5187
1844 463 1968 525 120

734 662 858 731 Dei
901 684 975 731 ac
1017 684 1136 749 pro
1179 664 1547 733 defensione
1588 669 1653 731 et
1698 672 2039 749 augmento
2075 664 2221 731 fidei
2257 664 2596 732 christiane
2643 672 2710 733 et
2754 688 2872 752 pro
2905 668 3069 737 bono

734 768 933 834 totius
980 770 1246 836 ecclesie
1312 769 1619 835 catholice
1680 772 2020 852 presertim
2074 788 2192 852 pro
2237 768 2614 836 liberatione
2659 770 2844 838 huius
2887 774 3068 856 regni

732 873 937 937 nostri
998 876 1065 937 et
1120 872 1397 955 partium
1460 872 2017 953 circumstantium,
2083 890 2238 954 quas
2297 872 2421 954 ipsi
2465 872 2652 938 Turci
2713 874 2926 941 multis
2969 894 3070 941 re-

731 974 995 1042 troactis
1034 975 1220 1043 annis
1266 975 1689 1041 attrocissime
1735 976 2056 1058 persecuti
2101 981 2266 1055 sunt,
2313 980 2380 1041 et
2425 976 2502 1042 de
2535 977 2820 1059 presenti
2849 997 3070 1061 perse-

731 1080 841 1161 qui
883 1098 1008 1144 non
1041 1082 1311 1157 cessant,
1361 1083 1737 1155 decrevimus,
1777 1085 2141 1155 firmavimus
2187 1084 2251 1143 et
2293 1082 2672 1143 stabilivimus
2691 1081 2743 1165 ¹)
2790 1082 3069 1147 unanimi

728 1182 1059 1247 voluntate
1104 1185 1168 1247 et
1212 1200 1520 1248 consensu
1556 1182 1751 1247 totius
1796 1183 2082 1265 predicte
2115 1182 2568 1263 conventionis,
2629 1184 2733 1249 Ire
2763 1202 3069 1267 persona-

727 1285 876 1350 liter
922 1288 987 1349 et
1031 1283 1359 1349 nobiscum
1402 1285 1634 1351 ducere
1695 1286 1819 1350 ista
1859 1289 2065 1351 estate
2110 1304 2224 1349 seu
2269 1304 2435 1351 anno
2481 1287 2840 1371 potentem&
2889 1306 3069 1352 exer-

730 1388 921 1454 citum
964 1405 1185 1453 versus
1249 1392 1467 1468 partes
1517 1386 1744 1453 Grecie
1812 1390 1876 1452 et
1934 1386 2242 1452 Romanie
2285 1392 2349 1453 et
2395 1406 2534 1453 cum
2579 1387 2703 1454 Dei
2749 1389 3064 1455 adiutorio

726 1490 880 1555 totis
928 1488 1163 1554 viribus
1212 1488 1446 1555 nostris
1490 1488 1786 1555 laborare
1831 1489 1912 1554 ad
1961 1489 2404 1555 exterminium
2445 1490 2780 1572 impiorum
2824 1491 3065 1557 Turco-

726 1612 886 1659 rum.
960 1591 1162 1674 quue
1204 1612 1321 1676 pro
1367 1592 1593 1657 maiori
1636 1594 1726 1657 rei
1775 1590 2079 1657 firmitate
2129 1592 2472 1658 iuravimus
2517 1592 2580 1659 in
2619 1592 2910 1659 manibus
2941 1594 3066 1659 Re-

728 1695 1168 1761 verendissimi
1212 1695 1275 1760 in
1326 1694 1579 1761 Christo
1618 1695 1821 1777 patris
1883 1693 2118 1760 domini
2179 1695 2405 1761 Iuliani
2463 1695 2814 1762 Cardinalis
2863 1696 3066 1762 sancti

726 1798 952 1881 Angeli
986 1799 1349 1881 Apostolice
1378 1799 1548 1864 sedis
1577 1798 1775 1880 legati
1828 1798 2186 1865 executioni
2226 1798 2610 1863 demandare
2651 1798 2735 1864 ad
2781 1800 3067 1867 consola-

724 1904 1090 1984 tionemque
1134 1903 1331 1967 totius
1372 1901 1849 1968 christianitatis
1913 1902 2075 1967 hanc
2141 1907 2422 1968 nostram
2467 1902 2698 1987 piamss)
2763 1904 3064 1969 intentio-

724 2024 868 2070 nem
914 2023 989 2069 ac
1034 2004 1556 2070 deliberationem
1600 2005 1837 2069 nostris
1881 2005 2116 2070 litteris
2161 2022 2350 2071 manu
2402 2010 2624 2070 nostra
2669 2005 3061 2089 subscriptis,

726 2106 1163 2191 Significamus
1200 2106 1610 2173 Sanctissimo
1642 2108 1705 2173 in
1737 2106 1989 2173 Christo
2021 2108 2192 2190 patri
2237 2113 2303 2172 et
2347 2108 2621 2188 domine,
2668 2108 2919 2174 domino
2951 2128 3062 2174 no-

724 2216 858 2276 stro
888 2210 1177 2293 Eugenio
1208 2208 1389 2291 Papa
1413 2211 1552 2293 (sic)
1599 2216 1828 2292 quarto
1876 2215 1943 2276 et
1989 2210 2421 2277 Serenissimis
2454 2211 2738 2295 Regibus
2783 2230 2858 2277 ac
2889 2212 3062 2296 prin-

724 2312 969 2395 cipibus
1000 2311 1479 2378 christianitatis
1494 2312 1569 2396 ⁴),
1594 2318 1860 2395 propter
1890 2312 2062 2395 quod
2093 2331 2275 2378 nemo
2308 2314 2751 2397 quoquomodo
2779 2316 3062 2397 cogitare

723 2418 955 2481 deberet
974 2416 1025 2499 ⁶)
1090 2415 1240 2497 quin
1308 2433 1422 2480 nos
1480 2420 1611 2480 tam
1672 2419 1955 2481 sanctam
2017 2420 2085 2480 et
2137 2415 2479 2481 solemnem
2540 2416 3062 2483 deliberationem

721 2518 995 2584 iuratam
1046 2522 1113 2583 et
1157 2516 1391 2602 ubique
1438 2516 1823 2602 publicatam
1889 2517 2154 2583 velimus
2213 2524 2281 2583 et
2340 2518 2589 2584 omnino
2631 2520 3059 2604 disponamuS,

722 2622 862 2687 Deo
904 2621 1321 2704 propiciante,
1383 2621 1464 2686 ad
1527 2621 1965 2687 executionem
2025 2627 2091 2686 et
2149 2627 2434 2705 optatum
2493 2621 2680 2688 finem
2727 2622 3059 2689 deducere.

720 2723 1141 2791 Nihilominus
1198 2723 1349 2807 quia
1404 2724 1688 2791 nonnulli
1756 2730 2021 2807 propter
2084 2725 2424 2792 adventum
2485 2733 2810 2792 oratorum
2871 2729 3061 2793 Amo-

720 2829 848 2893 rati
900 2827 1314 2911 Imperatoris
1373 2827 1722 2894 Turcorum
1778 2833 1863 2892 ad
1921 2840 2184 2894 nostram
2239 2837 2616 2910 presentiam,
2672 2837 2774 2910 qui
2815 2853 2855 2896 a
2901 2835 3064 2896 nobis

721 2942 1009 3010 treuquas
1056 2935 1142 2994 ad
1179 2941 1403 2995 certum
1452 2941 1677 3010 tempus
1719 2951 1852 2996 cum
1898 2937 2055 2997 dicto
2095 2940 2370 2996 Amorato
2417 2937 2790 3013 Imperatore
2841 2939 3059 3001 Turco-

717 3033 917 3119 rum0)
962 3032 1104 3099 fieri
1138 3039 1521 3114 postularunt
1539 3033 1587 3119 ⁷)
1633 3033 1840 3101 adhuc
1885 3033 2181 3100 dubitare
2225 3035 2526 3100 videntur
2569 3036 2668 3100 An
2707 3035 3060 3119 predictam

924 3272 969 3344 ¹)
1022 3272 1410 3343 decernimus,
1449 3272 1754 3328 firmamus
1792 3279 1855 3330 et
1889 3272 2244 3330 stabi'imuS.
2299 3273 2418 3330 Ed.
2455 3273 2644 3346 Lips.
2683 3279 2758 3330 et
2793 3273 2988 3330 Grac.

920 3358 967 3430 ¹)
1004 3363 1395 3430 praesentem.
1452 3358 1569 3415 Ed.
1606 3358 1797 3429 Lips.
1825 3365 1895 3414 et
1921 3358 2054 3414 Cra
2071 3377 2118 3414 c.
2139 3390 2206 3399 —
2226 3359 2468 3416 Katona
2489 3377 2545 3416 w
2569 3359 2776 3432 ewojej
2815 3359 3058 3415 Histo-

716 3443 823 3500 ria
859 3442 1141 3500 Critica
1174 3443 1322 3499 'I'om
1356 3443 1509 3499 XIII
1544 3462 1599 3516 p.
1636 3442 1740 3500 326
1772 3443 2072 3515 wymazal
2103 3462 2156 3500 m
2189 3462 2247 3500 w
2282 3446 2723 3516 „praesentem“
2757 3449 2782 3500 i
2817 3444 3054 3501 odniosl

717 3531 1097 3602 ‚‚praeeente“
1134 3529 1209 3585 do
1246 3531 1487 3596 „ennoe‘
1552 3530 1681 3586 Tak
1718 3530 1885 3586 eobie
1921 3530 2157 3602 zwykla
2189 3531 2485 3604 pomegad
2520 3531 2988 3604 hyperkrytyka.

921 3615 967 3683 ³)
1019 3631 1229 3687 puram
1262 3615 1379 3671 Ed.
1415 3615 1605 3687 LipS.
1644 3622 1716 3672 et
1752 3616 1949 3672 Grac.

918 3700 967 3770 ⁴)
1028 3701 1404 3764 Christiania,
1439 3701 1557 3756 Ed.
1594 3701 1783 3775 Lipe.

919 3787 965 3858 Ι5)
1022 3786 1201 3844 debet
1233 3787 1349 3842 Ed.
1386 3787 1581 3860 Lips.
1618 3793 1693 3844 et
1728 3789 1931 3845 Grac.

916 3873 964 3943 θ)
1018 3873 1185 3946 Tych
1226 3872 1526 3946 pietnastu
1561 3873 1860 3946 wyrazdw
1895 3874 2346 3946 opusvzonyclx
2381 3875 2532 3947 czyli
2567 3875 2758 3947 raczej
2784 3875 3056 3947 przesko·

714 3959 974 4031 czonych
1010 3977 1183 4030 przez
1217 3960 1530 4031 nieuwage
1554 3960 1964 4032 pierwotnego
2001 3959 2478 4032 przepisywacza
2501 3960 2700 4018 nieme
2724 3962 2823 4016 ani
2847 3979 2887 4016 u
2913 3961 3054 4016 Dlu-

714 4063 897 4116 gosza
932 4045 1033 4099 ani
1070 4062 1109 4099 u
1142 4045 1391 4117 Katony
1424 4045 1446 4101 i
1482 4052 1521 4101 t.
1560 4045 1613 4101 d.

919 4129 962 4200 ⁷)
1015 4129 1383 4200 postulatum
1421 4131 1539 4186 Ed.
1575 4131 1766 4201 Lips.
1811 4131 2111 4202 Wydanie
2147 4132 2522 4188 krakowskie
2557 4149 2658 4188 ma
2690 4131 3048 4203 wprawdzie

712 4215 1125 4285 ‚postularunt“‚
1163 4215 1258 4271 ale
1293 4234 1464 4289 przez
1502 4223 1563 4288 te
1597 4223 1950 4289 restytucyq
1979 4217 2241 4290 jednego
2281 4237 2524 4290 wyrazu
2559 4219 2668 4275 bez
2689 4217 3054 4291 wszyetkich

711 4301 1255 4374 poprzedzajacych
1284 4309 1457 4376 ustep
1484 4305 1621 4376 caly
1646 4304 1767 4359 eta}
1800 4305 1887 4375 sie
1914 4304 2368 4378 syntaktycznie
2385 4304 2620 4377 jeszcze
2647 4304 3054 4378 wadliwszym

716 4387 814 4448 nii
850 4405 905 4445 w
942 4387 1178 4463 blqdnej
1216 4407 1529 4464 poprawce
1564 4388 1847 4465 wydania
1880 4391 2195 4466 lipekiegO.
