3793 5187
1947 607 2069 674 196

844 817 1000 882 ante
1043 814 1388 880 adventum
1423 810 1639 894 legati,
1684 814 1758 876 ut
1797 811 2125 894 presentia
2168 815 2393 894 postea
2434 831 2552 880 sua
2595 817 3022 882 controversie
3048 831 3191 898 pre·

850 917 1023 984 dicte
1066 916 1208 982 tolli
1248 913 1500 983 facilius
1545 913 1810 997 possint
1865 911 1956 979 Et
1996 919 2459 996 consequenter
2500 935 2581 982 ex
2620 917 2907 1000 impensa
2948 915 3191 1000 sperari

849 1025 917 1086 et
961 1019 1264 1100 consequi
1306 1017 1512 1101 possit
1557 1016 1971 1100 desyderatus
2008 1014 2281 1084 fructus:
2323 1016 2411 1084 Et
2450 1021 2821 1102 potentatus
2848 1017 3192 1084 contribui-

847 1121 978 1188 turi
1021 1121 1450 1204 promptiores
1478 1123 1546 1185 et
1574 1117 1895 1185 faciliores
1944 1119 2294 1187 reddantur
2335 1121 2417 1187 ad
2453 1120 2959 1188 exbursationem
3000 1137 3189 1203 quam

844 1224 906 1291 si
949 1223 1401 1306 incompositas
1447 1221 1724 1289 viderint
1771 1222 2238 1289 controversias
2274 1223 2607 1307 predictas.
2699 1223 2985 1292 Alterum
3024 1224 3191 1290 enim

851 1332 952 1393 est
993 1325 1187 1394 rebus
1253 1324 1718 1408 benegerendis
1781 1321 2047 1391 mirifice
2110 1325 2505 1406 conveniens,
2566 1325 2837 1392 alterum
2896 1325 3192 1393 inconve-

846 1431 1326 1508 nientissimum,
1371 1427 1535 1494 sicut
1577 1427 1813 1510 pluries
1861 1427 2135 1494 antehac
2197 1428 2578 1511 scripsimus,
2629 1432 2697 1494 et
2744 1429 2987 1512 regiam
3029 1427 3190 1494 Sub·

839 1533 1176 1600 limitatem
1221 1531 1458 1614 optime
1497 1530 1854 1612 intelligere
1893 1547 2022 1596 non
2060 1529 2436 1596 dubitamus.

1051 1633 1244 1700 Ultra
1287 1633 1509 1700 brevia
1556 1651 1680 1715 que
1720 1633 2022 1716 proximis
2067 1632 2291 1700 diebus
2335 1631 2627 1700 Summus
2668 1634 2955 1716 pontifex
2994 1634 3193 1716 scrip-

843 1739 932 1806 sit
973 1737 1059 1804 ad
1096 1737 1550 1820 hperatorem
1611 1739 1680 1800 et
1743 1734 1824 1801 ad
1893 1753 2105 1817 regem
2164 1734 2421 1801 Polonie
2484 1743 2551 1802 et
2614 1736 2942 1820 Hungarie
3002 1755 3192 1821 super

844 1840 1296 1923 prorogatione
1339 1837 1726 1904 indutiarum
1739 1887 1756 1916 ,
1824 1837 2045 1904 scribit
2112 1837 2305 1902 etiam
2363 1837 2719 1921 plumbatas
2788 1839 3055 1922 litteraS,
3122 1845 3189 1905 et

851 1960 974 2024 que
1017 1941 1103 2008 ad
1145 1941 1604 2023 Imperatorem
1658 1940 1961 2022 inscripte
2022 1945 2173 2006 sunt
2234 1959 2362 2006 una
2426 1959 2567 2006 cum
2630 1939 2811 2008 brevi
2852 1941 3189 2008 dirrectivo

855 2043 1174 2127 Episcopo
1234 2042 1590 2109 forliviensi
1645 2041 1954 2108 mittimus
2018 2042 2103 2109 ad
2166 2061 2279 2109 vos
2342 2044 2743 2126 presentibus
2785 2044 3076 2127 alligatas
3116 2049 3190 2109 ut

856 2163 975 2212 vos
1017 2145 1161 2211 illas
1209 2144 1480 2211 mittatis
1527 2143 1635 2209 ubi
1676 2143 1872 2211 fuerit
1932 2145 2351 2228 Imperatoria
2394 2146 2715 2212 Maiestas.
2798 2147 2934 2226 Que
2978 2151 3189 2213 autem

854 2247 1248 2330 dirriguntur
1309 2247 1420 2313 isti
1481 2245 1598 2313 Ser
1609 2247 1907 2313 enissimo
1978 2246 2231 2313 domino
2275 2247 2406 2331 regi
2468 2267 2581 2314 vos
2633 2248 2771 2330 ipse
2810 2254 3189 2331 presentate.

854 2349 1021 2416 Nam
1070 2367 1193 2432 que
1237 2348 1323 2414 ad
1364 2367 1579 2432 regem
1621 2347 1886 2415 Polonie
1931 2350 2289 2416 scribuntur
2345 2351 2626 2418 misimus
2682 2369 2799 2417 nos
2842 2351 2925 2417 ad
2970 2369 3191 2418 manus

852 2452 1108 2518 Ioannis
1151 2451 1433 2534 baptiste
1473 2471 1586 2535 per
1629 2450 1966 2518 Tibaldum
2010 2469 2345 2524 cursorem.

1093 2555 1192 2623 De
1237 2559 1421 2639 parte
1595 2556 1738 2620 112.

1091 2660 1188 2725 De
1229 2677 1355 2724 non
1682 2662 1742 2723 Ο.

1093 2761 1240 2828 Non
1283 2760 1511 2827 sinceri
1683 2763 1743 2826 0.

1157 2896 1422 2969 (ΑνσΙείυίο
1457 2896 1517 2951 di
1551 2895 1708 2952 Stato
1747 2897 1802 2951 in
1847 2896 2101 2965 Venezae’a).

919 2982 1351 3041 Deliberazioni
1387 2984 1599 3040 Senato
1639 2983 1873 3051 Secreti,
1907 2999 2024 3053 reg.
2062 2982 2130 3037 28
2170 2999 2217 3037 c.
2254 2982 2289 3035 2
2322 2988 2363 3037 t.

1795 3272 2249 3351 LXXXIV.

1513 3427 1997 3497 mcccctxxvn.
2038 3430 2135 3496 die
2178 3430 2335 3497 XXV.
2382 3429 2537 3495 lunii.

1059 3579 1253 3646 Venit
1293 3579 1378 3645 ad
1420 3580 1809 3661 presentiam
1853 3577 2112 3646 dominii
2144 3580 2523 3663 Spectabilis
2560 3577 3001 3645 Chalimachus
3034 3579 3193 3644 Ora·

845 3687 953 3749 tor
993 3680 1393 3748 Serenissimi
1437 3682 1676 3747 domini
1721 3684 1891 3765 regis
1935 3681 2198 3749 Polonie
2242 3701 2320 3747 ex
2362 3684 2521 3749 urbe
2562 3683 2819 3748 rediens
2863 3681 2946 3747 ad
2992 3680 3191 3747 domi-

848 3804 997 3850 num
1043 3802 1227 3850 suum
1287 3790 1355 3850 et
1420 3786 1624 3850 multa
1669 3787 1957 3852 narravit
2004 3786 2086 3852 de
2146 3784 2628 3851 Conditionibus
2674 3785 2881 3865 curie,
2940 3785 3021 3851 de
3067 3801 3195 3866 qua

850 3886 1016 3952 male
1058 3885 1385 3953 edificatus
1431 3888 1798 3954 revertitur.
1885 3888 2061 3954 Inter
2104 3894 2315 3954 cetera
2377 3897 2589 3953 autem
2648 3887 2807 3953 dixit
2846 3885 3002 3952 nihil
3044 3886 3194 3951 inde

846 3989 1238 4071 sperandum
1281 4006 1421 4055 esse
1466 3989 1550 4055 ad
1594 3992 1995 4072 pacationem
2049 3990 2631 4069 controversiarum,
2676 3990 2847 4054 inter
2902 3987 3194 4056 christia-

848 4110 968 4158 nos
1017 4092 1352 4175 principes:
1399 4091 1488 4156 Et
1531 4092 1695 4158 inter
1741 4112 1850 4159 eos
1893 4093 2232 4174 presertim
2271 4110 2431 4173 quos
2472 4110 2590 4173 per
2630 4092 2795 4158 vires
2838 4092 3195 4174 potentiam

853 4201 920 4260 et
967 4194 1378 4261 autoritatem
1427 4194 1790 4261 sacerdotes
1855 4195 2113 4261 timent:
2182 4194 2538 4260 huiusmodi
2594 4193 2761 4260 enim
2820 4196 3025 4277 magis
3089 4214 3194 4261 cu·

855 4297 1061 4379 piant,
1109 4296 1490 4363 dissidentes
1538 4302 1605 4362 et
1653 4298 2025 4377 negotiosos
2093 4315 2280 4378 quam
2324 4303 2586 4381 pacatos
2637 4303 2703 4363 et
2745 4297 3020 4377 quietos:
3108 4297 3195 4362 Et

856 4399 1060 4465 multa
1106 4398 1234 4464 alia
1275 4398 1341 4463 in
1384 4397 1535 4552 he?x
1565 4404 1748 4480 parte
1812 4415 1936 4479 que
2002 4400 2423 4481 pretereunda
2480 4400 2695 4481 potius
2738 4403 2905 4466 sunt.
2981 4398 3197 4466 Suasit

847 4500 1130 4582 denique
1172 4505 1245 4565 ut
1289 4517 1406 4565 nos
1452 4520 1526 4597 ‚p
1580 4519 1708 4584 pax
1774 4510 1887 4566 aut
1952 4502 2288 4567 concordia
2349 4500 2565 4581 aliqua
2621 4502 2785 4568 inter
2841 4500 3193 4585 Imperato-
