3793 5187
1867 712 1991 774 217

745 929 874 975 sem
934 915 998 976 et
1044 911 1480 979 Coadiutorem
1539 912 2005 994 Leopoliensem
2072 912 2158 978 Et
2214 911 2617 994 Magnificum
2674 915 3073 981 Ambrosium

747 1013 1158 1096 Pampowsky
1231 1013 1656 1080 Castellanum
1729 1013 2203 1096 Rosperiensem
2295 1018 2361 1081 et
2440 1013 2853 1098 capitaneum
2924 1018 3091 1083 Gne-

746 1135 1034 1183 znensem
1073 1117 1370 1184 Oratores
1411 1135 1582 1184 meos
1620 1117 1955 1183 exibitores
1991 1117 2373 1200 presentium
2418 1136 2450 1184 s
2471 1119 2679 1184 ineere
2720 1117 2978 1184 dilectos
3008 1119 3087 1185 de

746 1221 1096 1286 intencione
1138 1239 1278 1286 mea
1318 1221 1499 1302 plene
1543 1217 1932 1285 informatos.
2018 1219 2275 1285 Orando
2338 1218 2397 1285 S.
2454 1220 2749 1286 Vestram
2792 1221 3093 1304 quatinus

746 1323 812 1388 in
849 1322 1134 1388 omnibus
1176 1340 1298 1405 que
1337 1323 1502 1404 apud
1543 1341 1680 1387 eam
1724 1340 1861 1387 meo
1901 1323 2151 1387 nomine
2198 1322 2638 1405 peroraverint
2678 1322 2886 1390 Jidem
2936 1324 3093 1404 ipsis

748 1417 1112 1492 oreditivam
1155 1424 1412 1506 prebere
1452 1424 1762 1506 dignetur.
1855 1423 2000 1490 Non
2046 1425 2214 1489 mino
2228 1424 2302 1504 ri,
2365 1442 2555 1506 quam
2602 1425 2790 1490 michi
2830 1425 2952 1507 ipsi
2997 1444 3099 1491 co-

749 1547 884 1592 ram
925 1527 1220 1609 loquenti.
1310 1525 1427 1591 Cui
1469 1531 1710 1609 prestet
1751 1527 1907 1592 deus
1952 1527 2286 1592 sanitatem
2344 1527 2714 1592 diuturnam
2755 1545 2872 1608 pro
2913 1528 3099 1593 votis,

749 1630 917 1710 Date
973 1629 1042 1694 in
1101 1627 1524 1694 Conventione
1584 1629 1989 1695 Radomiensi
2055 1628 2421 1695 Penultima
2488 1629 2588 1695 die
2644 1629 2878 1695 Mensis
2947 1628 3100 1712 Sep-

749 1730 1008 1797 tembris
1063 1732 1246 1796 Anno
1309 1732 1545 1797 domini
1608 1731 1943 1798 Millesimo
2016 1731 2641 1816 quadringentesimo
2697 1732 3099 1814 nonagesimo

749 1837 967 1916 primo.

1597 1919 1667 1984 E.
1716 1919 1776 1986 S.
1824 1919 1909 1985 V.

1838 2022 2118 2089 Devotus
2161 2022 2323 2087 filius
2368 2022 2427 2087 K
2452 2041 2491 2086 a
2511 2021 2587 2086 zi
2608 2041 2669 2086 m
2692 2021 2714 2086 i
2740 2042 2773 2087 r
2796 2042 2837 2086 u
2858 2041 2891 2088 s

2125 2125 2386 2192 Polonie
2434 2125 2586 2192 Rex.

950 2249 1028 2326 (Α
1077 2248 1284 2330 ter-qo).
1361 2242 1762 2311 Sanctissimo
1821 2245 1887 2311 in
1952 2243 2205 2311 Christo
2284 2243 2465 2340 Patri
2514 2249 2580 2309 et
2622 2243 2907 2324 Domino,
2962 2243 3097 2309 Do-

751 2349 919 2414 mino
963 2348 1331 2415 Innocencio
1377 2346 1602 2413 Divina
1638 2346 2035 2430 providencia
2072 2347 2489 2412 Sacrosancte
2522 2346 2801 2411 Romane
2830 2364 2906 2412 ao
2936 2343 3098 2411 Uni-

751 2451 1011 2529 versalis
1053 2447 1338 2516 Ecclesie
1381 2449 1633 2516 Summo
1679 2449 1978 2515 Pontifici
2023 2450 2274 2515 domino
2324 2447 2828 2515 clementissimo.

1261 2585 1524 2657 (Arcluoio
1561 2585 1622 2639 Aa·
1654 2583 1810 2640 Scato
1861 2583 2125 2655 Venezia).

754 2673 924 2730 Bono
959 2672 1030 2729 ed
1063 2671 1190 2728 Atti
1227 2672 1379 2727 della
1411 2671 1591 2727 Curia
1623 2671 1902 2727 Romana.
1949 2670 2134 2726 Busta
2181 2670 2263 2726 28.
2313 2670 2554 2725 Polonia
2588 2670 2669 2725 10.
