3793 5187
1980 411 2060 471 58

854 621 931 683 ut
964 617 1300 682 secundum
1344 616 1773 681 instituciones
1826 617 1892 678 et
1947 613 2106 676 ritus
2165 617 2376 674 sancte.
2435 610 2651 674 matris
2711 608 2964 672 ecclesie
3027 605 3194 668 unda

856 718 1274 800 baptismatiS,
1318 717 1483 783 idem
1530 715 1970 782 Serenissimus
2013 714 2224 776 Infans
2267 713 2432 776 filius
2479 711 2706 791 Regius
2749 710 2900 791 ipsis
2939 727 3061 790 quo
3091 727 3194 772 su-

854 838 973 901 pra
1034 819 1282 883 nomine
1342 815 1893 883 intervenientibus
1957 815 2264 878 abluatur.
2359 815 2442 878 Et
2485 821 2557 876 ut
2601 833 2676 877 cx
2735 833 2808 876 ea
2867 817 2931 876 et
2979 817 3196 876 sancto

858 921 1098 1003 Spiritu
1142 923 1474 986 renovatus
1518 937 1713 1000 acque
1755 922 2029 997 renatuS,
2087 917 2405 996 originalis
2451 917 2628 996 culpe
2679 913 2888 979 delata
2931 913 3191 990 macula,

860 1029 930 1090 et
974 1031 1186 1089 eterne
1244 1023 1466 1088 mortis
1518 1011 1793 1104 periculo
1854 1021 2185 1100 declinam,
2247 1021 2328 1084 ad
2391 1021 2554 1085 viam
2596 1019 2818 1084 salutis
2867 1024 3078 1083 eterne
3123 1035 3199 1080 ac

862 1126 1112 1191 celestis
1152 1125 1351 1207 Regni
1394 1124 1823 1202 hereditatem,
1869 1122 1988 1188 hoc
2031 1127 2426 1187 sacrosancto
2471 1122 2716 1186 viatico
2761 1121 3086 1202 dirigatur,
3132 1122 3199 1183 et

862 1229 944 1294 ad
988 1228 1122 1293 eius
1167 1227 1575 1308 capacitatem
1618 1232 1692 1290 ut
1734 1224 1900 1289 filius
1943 1223 2292 1305 adoptionis
2340 1223 2719 1303 habilitetur‚
2766 1223 2848 1288 ad
2903 1221 3204 1304 sepedicti

862 1328 1257 1412 baptismatis
1318 1345 1563 1392 sacrum
1619 1326 1853 1391 fontem
1909 1325 2366 1406 suscipiendum
2427 1345 2624 1407 acque
2671 1325 3023 1391 tenendum.
3113 1326 3202 1390 Et

853 1433 953 1498 sic
993 1431 1390 1497 devotissime
1450 1427 1797 1494 faciendum
1856 1433 1922 1493 et
1981 1427 2118 1492 fieri
2161 1426 2527 1506 faciendum,
2589 1435 2654 1492 et
2705 1429 3080 1510 generaliter
3119 1430 3204 1494 ad

860 1534 1289 1616 exequendum
1336 1549 1756 1613 quascumque
1800 1529 2186 1608 cerimonias
2242 1529 2686 1608 solemnitates,
2751 1531 3202 1612 responsioneS,

870 1637 1203 1714 orationeS,
1266 1633 1856 1713 abrenuntiationes,
1917 1633 2374 1714 promissiones,
2425 1636 2621 1711 actuS‚
2667 1633 3100 1698 instituciones
3141 1638 3209 1699 et

866 1738 1319 1803 ecclesiasticas
1362 1735 1806 1814 observantias
1868 1739 1934 1799 et
1984 1735 2196 1799 omnia
2239 1741 2306 1798 et
2347 1735 2592 1816 singula
2635 1754 2756 1816 que
2801 1737 2864 1799 in
2911 1737 3207 1818 predictis

866 1845 933 1906 et
977 1839 1141 1904 circa
1184 1838 1483 1921 predicta,
1544 1836 1898 1902 necessaria
1959 1836 2194 1900 fuerint
2232 1840 2296 1901 et
2339 1837 2800 1918 quomodolibet
2835 1843 3207 1920 opportuna,

864 1944 933 2006 et
976 1959 1095 2022 que
1136 1957 1341 2005 mores
1383 1946 1451 2005 et
1490 1939 1653 2004 ritus
1694 1942 1910 2003 sancte
1952 1938 2173 2001 matris
2217 1937 2472 2002 ecclesie
2531 1957 2726 2020 acque
2784 1940 3032 2005 divinus
3075 1941 3208 2007 cul—

870 2049 976 2109 tus
1018 2044 1085 2108 in
1126 2044 1518 2108 sacramento
1555 2040 1958 2122 baptismatis
2000 2039 2278 2121 exigunt,
2341 2039 2675 2106 observant
2715 2042 2954 2123 pariter
2995 2062 3072 2108 ac
3113 2061 3212 2109 re-

860 2145 1145 2228 quirunt.
1236 2143 1681 2208 Promittentes
1738 2141 2180 2208 Serenissimus
2239 2142 2552 2223 dominus,
2615 2143 2906 2210 dominus
2955 2145 3084 2212 dux
3143 2152 3212 2211 et

874 2246 1135 2314 consilia
1190 2244 1639 2312 constituentes
1696 2243 2130 2326 prenominati,
2190 2243 2388 2324 firma,
2419 2243 2588 2316 ’rata
2633 2250 2699 2311 et
2737 2251 2922 2328 gnita
2963 2246 3212 2329 habere,

870 2354 1087 2416 tenere
1130 2352 1196 2414 et
1238 2345 1570 2412 observare
1612 2364 2000 2428 quecumque
2041 2364 2153 2429 per
2195 2364 2410 2413 eorum
2447 2347 2715 2415 sindicos
2745 2349 3102 2432 prelibatus
3147 2355 3216 2417 et

876 2450 1217 2535 quemlibet
1260 2450 1537 2532 ipsorum
1578 2447 1646 2513 in
1687 2449 1968 2532 predicto
2011 2452 2079 2514 et
2106 2449 2273 2515 circa
2301 2448 2648 2532 predictum
2677 2453 3215 2534 compaternitatis

870 2573 985 2621 seu
1028 2551 1413 2637 compatricij
1458 2555 1935 2633 sacramentum,
1999 2555 2157 2633 acta,
2203 2550 2374 2619 facta
2409 2557 2476 2623 et
2510 2559 2688 2636 gesta
2729 2552 2964 2621 fue-rint
3006 2559 3073 2622 et
3113 2576 3218 2624 cae-

879 2657 1111 2723 tholice
1156 2654 1501 2721 observata.

1081 2776 1312 2841 Actum
1352 2772 1637 2857 Venetijs
1679 2774 1745 2839 in
1786 2772 1995 2840 ducali
2036 2772 2291 2856 palatio,
2335 2773 2728 2856 presentibus
2769 2776 3217 2861 circumspecto

883 2881 949 2943 et
987 2877 1269 2960 sapiente
1314 2874 1447 2943 viro
1490 2875 1742 2942 domino
1788 2874 2064 2940 Iohanne
2101 2874 2412 2940 Plumatio
2453 2874 2803 2943 honorabili
2845 2880 3216 2947 cancellario

877 2980 1312 3059 venetiarum,
1338 2982 1422 3044 et
1465 2976 1929 3060 circumspectis
1975 2980 2041 3041 et
2082 2975 2489 3059 prudentibus
2531 2977 2682 3045 viris
2725 2978 3057 3049 Francisco
3099 2983 3219 3049 Be-

880 3099 1137 3161 vazano,
1184 3078 1523 3145 Iohachino
1555 3078 1877 3145 Trivisano
1908 3081 1974 3143 et
1998 3076 2206 3143 Mafeo
2235 3077 2630 3145 Bartolameo
2658 3081 2894 3148 ducalis
2924 3085 3069 3151 aule
3097 3086 3222 3152 Ve-

880 3186 1197 3251 netiarum
1255 3183 1516 3267 notarijs
1560 3186 1626 3248 et
1668 3182 1809 3265 alijs
1862 3180 2132 3247 testibus
2180 3182 2262 3247 ad
2302 3181 2432 3248 hec
2471 3184 2709 3250 vocatis
2765 3186 3119 3267 specialiter
3157 3195 3226 3255 et

880 3285 1137 3370 rogatis.
1196 3286 1273 3351 In
1300 3286 1744 3369 premissorum
1771 3289 1983 3351 autem
2011 3282 2197 3351 fidem
2222 3288 2289 3351 et
2311 3285 2686 3353 evidentiam
2714 3288 3054 3370 pleniorem
3082 3313 3223 3376 pre-

883 3387 1053 3454 fatus
1104 3386 1547 3455 Serenissimus
1589 3388 1895 3469 dominus,
1947 3388 2236 3454 dominus
2276 3388 2403 3454 dux
2443 3408 2698 3472 presens
2739 3392 3223 3464 instrumentum

884 3483 1244 3556 Sindicatus
1287 3487 1423 3555 fieri
1464 3488 1805 3572 mandavit,
1848 3494 1917 3556 et
1958 3507 2076 3555 sua
2116 3490 2288 3556 bulla
2317 3491 2610 3573 plumbea
2637 3494 2946 3575 pendente
2972 3500 3223 3565 muniri.

1090 3624 1227 3708 Ego
1270 3624 1474 3691 David
1502 3624 1723 3709 Jacopi
1763 3627 1844 3691 de
1885 3625 2242 3691 Tedaldinis
2282 3626 2449 3693 filius
2489 3646 2592 3694 ser
2617 3630 2878 3714 Antonij
2921 3631 3075 3699 civis
3103 3634 3230 3701 Ve-

882 3727 1193 3793 netiarum
1244 3725 1528 3808 publicus
1580 3725 1889 3809 imperiali
1950 3726 2292 3793 autoritate
2351 3730 2636 3797 notarius
2683 3738 2750 3798 et
2792 3731 3058 3801 ducatus
3103 3736 3228 3803 Ve-

884 3830 1196 3895 netiarum
1252 3828 1471 3910 scriba,
1526 3828 1824 3912 predictis
1890 3828 2175 3895 omnibus
2230 3828 2505 3913 interfui,
2564 3839 2944 3919 rogatusque
3007 3840 3232 3924 scripsi

882 3936 951 4001 et
992 3930 1303 4014 publicavi
1362 3930 1729 4015 signumque
1792 3930 2044 3996 nomine
2101 3949 2239 3998 meo
2280 3935 2541 4016 apposui
2581 3942 2964 4006 consuetum.

1326 4048 1591 4119 (Arcln‘mb
1625 4048 1685 4104 da·
1716 4048 1870 4105 Slato
1904 4050 1960 4103 in
2004 4048 2240 4119 Venetia,

960 4132 1331 4191 Cancelleria
1365 4134 1623 4203 Secreta,
1660 4132 1965 4201 Sindicati,
2001 4132 2131 4189 Vol.
2165 4132 2212 4201 Ι,
2251 4139 2414 4191 carte
2445 4136 2550 4191 226
2585 4137 2651 4208 t.)

1638 4284 2494 4342 *οι-,ἑῴῳ
