3793 5187
1873 493 1995 556 142

757 708 884 774 alie
927 711 1152 792 gentes
1197 704 1262 768 in
1307 702 1522 781 aliquo
1570 697 1870 762 steterint
1912 695 2073 763 loco.
2154 697 2355 764 Passe
2398 702 2547 764 sunt
2615 698 2850 766 etenim
2892 718 3109 767 zurme

754 811 864 877 ille
903 810 1136 877 famem
1185 801 1680 880 acerbissimam,
1731 819 1873 866 cum
1916 819 2147 882 panem
2204 803 2645 870 tantummodo
2700 802 2940 869 habere
2982 822 3109 869 non

757 912 1076 980 valuerint
1128 910 1210 977 ad
1265 903 1682 974 sufficentiam
1749 921 1868 969 nec
1924 922 2158 986 aquam
2203 923 2483 988 unquam
2545 905 2794 972 dulcem
2858 925 3107 972 sumere

755 1017 1099 1102 potuerint,
1140 1011 1265 1079 nisi
1311 1007 1512 1074 multa
1557 1025 1696 1072 cum
1731 1007 2057 1089 sanguinis
2088 1005 2415 1088 effusione,
2463 1027 2537 1074 ac
2578 1007 2921 1074 multorum
2954 1010 3107 1076 cede

757 1125 826 1187 et
867 1116 1186 1185 interdum
1247 1112 1328 1180 ob
1391 1110 1858 1175 multitudinem
1906 1127 2051 1174 eam
2092 1110 2579 1177 custodiendam
2626 1129 2703 1176 ex
2750 1111 2895 1194 ipsa
2938 1129 3109 1192 aqua

757 1221 940 1288 dulce
985 1219 1280 1301 accipere
1323 1231 1450 1279 non
1492 1212 1800 1291 valenteS,
1847 1229 1990 1277 cum
2036 1229 2205 1293 aqua
2244 1212 2417 1278 salsa
2444 1230 2676 1296 panem
2706 1214 3105 1281 commedere

757 1323 963 1391 coacti
1021 1322 1295 1399 fuerunt,
1367 1333 1556 1399 passe
1619 1317 1768 1380 sunt
1833 1315 2095 1396 insuper
2140 1313 2383 1398 frigora
2426 1315 2679 1382 intensa
2726 1319 2795 1381 et
2836 1315 3104 1383 incredi-

755 1429 911 1494 bilia
956 1430 1026 1494 et
1071 1425 1462 1500 consuetum,
1511 1418 1576 1484 in
1611 1417 1739 1484 illis
1782 1416 2077 1500 partibus
2112 1437 2388 1501 regnare
2432 1423 2531 1485 est
2576 1418 3107 1500 quemadmodum

758 1536 860 1598 est
901 1527 1239 1596 notorium.
1325 1521 1428 1587 Ex
1470 1538 1596 1602 quo
1639 1520 1824 1586 multi
1863 1521 2061 1603 pedes
2114 1525 2182 1588 et
2240 1520 2367 1588 alia
2420 1520 2707 1588 membra
2758 1523 3108 1588 amiserunt

760 1638 830 1701 et
867 1632 1058 1698 aliter
1105 1625 1420 1695 debilitati
1485 1627 1949 1704 remanserunt,
2014 1623 2431 1706 quotidieque
2492 1642 2635 1691 cum
2676 1624 2945 1690 inimicis
2995 1625 3105 1691 de-

763 1738 1094 1803 certarunt
1137 1736 1204 1798 et
1245 1734 1382 1796 tum
1419 1727 1590 1794 ferro
1654 1731 1790 1792 tum
1833 1729 2026 1794 etiam
2072 1728 2155 1793 ob
2196 1728 2535 1795 incomoda
2576 1727 2866 1812 predicta
2916 1745 3107 1810 quam

759 1839 981 1923 plures
1047 1835 1478 1912 decesserunt,
1547 1848 1766 1896 eorum
1829 1829 2073 1898 relictis
2116 1829 2265 1897 filiis
2312 1836 2378 1897 et
2420 1829 2675 1897 familiis
2720 1830 2787 1896 in
2832 1830 3108 1896 maxima

759 1939 1020 2008 miseria
1063 1954 1188 2019 que
1227 1934 1444 2000 dictim
1488 1933 1571 1999 ad
1617 1951 1732 2000 nos
1779 1939 2119 2000 recurrunt
2182 1939 2479 2016 petentes
2546 1934 2627 2000 de
2692 1934 2919 2000 labore
2958 1953 3106 2001 suo-

755 2063 898 2110 rum
941 2039 1407 2116 defunctorum,
1451 2040 1635 2102 tanto
1681 2055 1822 2102 cum
1869 2036 2105 2103 sudore
2136 2037 2449 2118 acquisito
2480 2037 2838 2104 subvenire.
2894 2036 2981 2102 Et
3009 2042 3109 2103 tot

759 2147 912 2211 sunt
955 2159 1174 2209 eorum
1217 2139 1496 2219 lacrime‚
1543 2156 1862 2219 vocesque
1906 2137 2323 2218 miserabiles,
2370 2144 2443 2204 ut
2488 2156 2671 2204 nemo
2716 2138 2803 2205 sit
2847 2156 2957 2205 eas
2992 2157 3105 2204 au-

763 2246 964 2323 diens,
1011 2244 1120 2324 qui
1165 2243 1249 2308 ad
1291 2241 1628 2308 maximam
1672 2258 1798 2306 non
1847 2239 2202 2306 deducatur
2246 2239 2766 2322 compassionem,
2823 2240 3105 2308 defuncti

761 2351 914 2415 sunt
955 2346 1216 2428 insuper
1265 2344 1346 2410 de
1389 2341 1704 2408 nobilibus
1749 2343 1983 2408 nostris
2034 2342 2477 2424 supracomitis
2524 2348 2591 2408 et
2632 2343 2743 2408 alii
2786 2341 3105 2410 infirmati.

760 2449 900 2516 Hec
941 2453 1157 2516 autem
1195 2446 1426 2513 clarius
1465 2444 1764 2511 videbitis
1807 2463 1925 2528 per
1970 2445 2215 2528 copiam
2258 2445 2589 2511 literarum
2634 2445 2951 2528 capitanei
2994 2464 3108 2528 ga-

759 2553 1006 2621 learum
1070 2548 1500 2634 predictarum
1546 2546 1644 2614 his
1689 2547 2015 2627 inclusam,
2084 2566 2209 2630 que
2254 2547 2703 2632 particularius
2745 2567 2852 2616 res
2898 2549 3107 2616 decla-

759 2659 908 2722 rant
925 2654 1000 2739 ¹).
1066 2652 1194 2718 Sed
1225 2650 1396 2717 ultra
1437 2650 1554 2717 hec
1579 2650 1740 2716 vidit
1769 2648 2065 2716 Summus
2096 2650 2394 2717 Pontifex
2421 2651 2909 2735 suprascriptuS,
2956 2653 3111 2735 quid

759 2756 985 2824 diebus
1031 2754 1358 2840 preteritis
1404 2752 1737 2835 scripserit
1779 2752 2141 2835 Imperator
2194 2753 2953 2837 constantinopolitanus,
3002 2758 3108 2837 qui

760 2876 968 2942 prope
1033 2876 1142 2923 res
1205 2860 1308 2922 est
1371 2860 1439 2922 et
1499 2854 1799 2936 intelligit
1859 2854 2023 2921 illas.
2112 2855 2201 2922 Et
2246 2856 2397 2938 quia
2443 2854 2647 2922 fertur
2707 2857 2867 2923 duas
2909 2857 3106 2924 fuisse

759 2979 903 3027 cum
931 2957 1315 3027 victualibus
1345 2975 1566 3037 naves,
1611 2956 1881 3023 alteram
1910 2976 2107 3040 penes
2140 2958 2756 3042 Constantinopolim
2785 2960 3103 3041 videlicet,

765 3067 832 3131 et
877 3062 1148 3129 alteram
1211 3078 1412 3143 penes
1479 3058 1821 3140 Tenedum,
1895 3060 2160 3126 dicimus
2225 3060 2397 3144 quod
2464 3062 2718 3143 quando
2782 3064 2972 3129 etiam
3018 3064 3108 3131 sic

757 3164 1006 3245 fuisset,
1071 3182 1200 3231 non
1243 3168 1458 3229 tamen
1505 3161 1624 3228 hoc
1670 3167 1980 3229 armatam
2020 3168 2377 3231 saturasset
2420 3170 2487 3230 et
2531 3183 2779 3247 queque
2824 3166 2951 3232 alia
2994 3185 3109 3251 po-

756 3271 890 3335 test
933 3266 1146 3347 homo,
1215 3268 1432 3348 preter
1472 3282 1662 3347 quam
1715 3264 1971 3347 longam
2016 3264 2249 3331 famem
2292 3265 2573 3332 sufferre.
2659 3266 2749 3332 Et
2811 3268 2865 3333 si
2925 3269 3108 3351 galee

760 3370 1085 3437 Tenedum
1127 3367 1470 3448 aliquando
1521 3368 1844 3433 venissent
1887 3373 2001 3434 aut
2040 3368 2657 3451 Constantinopolim
2686 3370 3109 3438 accessissent

763 3491 883 3556 pro
929 3490 1113 3555 pane,
1157 3488 1286 3536 non
1332 3475 1547 3535 tamen
1591 3489 1844 3552 semper
1885 3471 1954 3536 in
1998 3489 2217 3537 earum
2258 3469 2526 3537 arbitrio
2558 3476 2699 3537 erat
2726 3470 2939 3537 redire
2970 3492 3111 3539 cum

761 3575 1018 3653 vellent,
1066 3592 1207 3640 cum
1231 3592 1359 3638 non
1388 3591 1642 3655 semper
1670 3592 1848 3639 mare
1877 3575 2289 3655 tranquillum
2336 3575 2421 3641 sit
2464 3592 2587 3641 nec
2618 3574 2791 3639 venti
2820 3576 3108 3657 propicii.

765 3676 1216 3746 concludimus
1241 3675 1456 3757 igitur,
1479 3680 1736 3741 nostros
1767 3675 2049 3742 debitum
2079 3675 2327 3757 fecisse,
2358 3681 2425 3742 et
2452 3676 2708 3743 laudem
2735 3678 3107 3760 promereri.

761 3780 976 3859 Quare
1023 3780 1107 3846 de
1152 3778 1458 3860 predictis
1503 3777 1742 3858 alloqui
1788 3777 2079 3845 debeatis
2108 3780 2174 3844 in
2204 3779 2319 3845 illa
2346 3778 2569 3858 forma,
2618 3797 2742 3861 que
2772 3778 3109 3861 prudentie

757 3888 975 3949 vestre
1018 3880 1314 3947 videatur
1377 3880 1635 3946 Summo
1682 3879 1982 3946 Pontifici
2042 3886 2108 3948 et
2158 3881 2418 3961 instare,
2484 3900 2559 3947 ac
2613 3899 2981 3965 procurare,
3045 3886 3112 3949 et

961 4068 1012 4141 ²)
1053 4068 1220 4141 Tych
1255 4066 1474 4127 lietow.
1509 4066 1615 4123 tal:
1649 4066 2039 4141 poiqdanych
2080 4068 2181 4124 dla
2215 4067 2471 4141 historyi
2490 4068 2635 4139 jako
2664 4066 2741 4123 od
2761 4084 3107 4139 naooznego

753 4154 777 4211 i
821 4153 1424 4227 w·poldzialajqcego
1476 4152 1748 4208 swiadka
1793 4153 2268 4226 pochodzqcycln
2313 4153 2693 4225 niepodobna
2738 4153 2882 4224 bylo
2926 4154 3108 4209 mimo

763 4239 1134 4313 atarannych
1169 4238 1554 4312 poemkiwati
1595 4238 1696 4295 ani
1734 4256 1792 4294 w
1829 4238 2341 4299 commemoriale.
2378 4239 2479 4295 ani
2504 4242 2603 4295 tei
2628 4258 2683 4295 w
2707 4239 2931 4311 innych
2956 4238 3109 4294 zbio·

759 4326 904 4381 rach
945 4325 1329 4397 weneckiego
1364 4324 1711 4381 Archiwum
1749 4324 2067 4381 doaledzic.
2138 4324 2395 4396 Mozeby
2430 4326 2703 4397 zualazly
2738 4326 2828 4395 εἰς
2862 4342 2920 4380 w
2956 4324 3106 4396 Βη-

753 4412 918 4471 mie'?
953 4442 1020 4453 -—
1056 4410 1386 4484 Urzqdowe
1419 4411 1518 4468 ich
1545 4412 1774 4485 jeduak
1821 4412 2215 4471 streszozenie
2248 4411 2467 4487 podaje
2504 4410 2795 4485 niniejsza
2832 4411 3103 4485 depesza.
