3793 5187
1804 564 1948 639 '113

716 776 1143 845 exercentium
1186 776 1252 842 in
1295 776 1417 843 hoc
1464 775 1645 843 Culfo
1694 775 2049 843 videbimus
2093 776 2348 843 mittere
2375 794 2568 861 posse
2597 778 2922 844 mittemus
2953 797 3058 845 ca-

714 880 1038 965 pitaneum
1082 884 1369 947 nostrum
1417 878 1579 945 Culfi
1648 898 1789 946 cum
1852 878 2116 961 reliquis
2171 880 2369 963 galeis
2416 899 2628 947 secum
2671 880 3060 949 restantibus

716 988 790 1051 ιιι
832 982 1047 1050 votive
1092 994 1159 1049 et
1198 982 1423 1049 melius
1463 1000 1569 1048 res
1614 980 1958 1048 succedere
2003 980 2274 1047 valeant.

917 1120 1351 1188 Intelleximus
1396 1120 1587 1185 etiam
1622 1118 1815 1186 dubia
1861 1136 1987 1200 que
2021 1118 2313 1185 dicuntur
2357 1119 2438 1186 de
2483 1120 2755 1187 transitu
2785 1118 3063 1186 Danubii

718 1224 888 1289 illius
932 1222 1133 1289 felicis
1194 1224 1511 1289 exercitus
1574 1220 1690 1287 tibi
1739 1221 2115 1288 denotamus
2160 1222 2332 1303 quod
2375 1224 2441 1287 in
2487 1242 2564 1289 ea
2606 1224 2876 1290 materia
2913 1242 3063 1307 pro-

720 1326 992 1393 vidimus
1038 1331 1105 1391 et
1148 1325 1514 1409 scripsimus
1559 1328 1632 1390 ut
1668 1325 1916 1392 videbis
1958 1344 2077 1408 per
2122 1325 2397 1392 inclusas
2459 1326 2695 1409 copias,
2753 1326 2847 1392 ita
2892 1326 3064 1408 quod

720 1430 785 1495 in
829 1434 1133 1511 quantum
1176 1430 1241 1495 in
1282 1428 1466 1496 nobis
1512 1434 1611 1495 est
1654 1448 1869 1495 omnes
1929 1429 2072 1495 illas
2137 1428 2396 1496 fecimus
2453 1428 2871 1513 provisiones,
2936 1448 3061 1511 que

718 1532 901 1599 nobis
946 1538 1301 1615 opportune
1346 1532 1481 1599 vise
1515 1536 1681 1599 sunt.

920 1669 1019 1735 De
1062 1669 1370 1753 predictis
1438 1672 1651 1735 autem
1717 1669 2006 1735 omnibus
2069 1667 2354 1735 volumus
2425 1672 2496 1734 ut
2554 1666 2874 1736 conferres
2920 1686 3061 1735 cum

720 1770 1272 1838 Reverendissimo
1339 1772 1591 1838 domino
1661 1771 1998 1838 cardinale
2061 1770 2279 1837 Sancti
2315 1770 2544 1854 Angeli
2589 1776 2656 1837 et
2697 1770 3064 1853 specialiter

722 1873 799 1939 de
835 1873 994 1940 locis
1035 1873 1388 1955 maritimiS,
1435 1878 1501 1939 et
1543 1873 1910 1957 subiungas,
1959 1874 2131 1956 quod
2169 1873 2474 1957 singulari
2518 1892 2660 1940 cum
2694 1873 2823 1941 fide
2853 1874 3064 1940 omnia

721 1980 945 2041 nostra
988 1994 1106 2042 sua
1150 1994 1291 2041 cum
1334 1974 1886 2043 Reverendissima
1927 1976 2316 2059 paternitate
2357 1976 2841 2059 comunicamus,
2903 1994 3062 2059 quo-

720 2078 889 2143 niam
957 2078 1302 2145 clarissime
1363 2080 1798 2160 cognoscimus
1863 2080 2128 2145 multam
2183 2077 2599 2159 affectionem,
2666 2084 2733 2146 et
2783 2098 3064 2146 amorem

723 2199 909 2262 quem
954 2181 1123 2264 gerit
1168 2184 1389 2247 nostre
1429 2179 1821 2264 Reipublice,
1867 2200 1992 2263 que
2045 2199 2162 2248 nos
2207 2180 2494 2265 obligant
2539 2181 2623 2248 ad
2668 2200 2746 2247 ea
2789 2200 2912 2264 que
2960 2201 3066 2248 co-

720 2284 912 2350 moda
956 2284 1087 2349 sint
1128 2303 1242 2350 sue
1280 2282 1831 2350 Reverendissime
1888 2284 2280 2367 paternitati,
2353 2284 2652 2368 quodque
2703 2290 2926 2368 aperte
2967 2284 3063 2350 in-

721 2386 1065 2469 telligimus
1108 2386 1305 2453 verba
1348 2386 1766 2469 suprascripti
1798 2386 2034 2452 domini
2065 2385 2290 2452 decani
2320 2386 2400 2453 de
2427 2386 2584 2453 locis
2613 2386 3064 2471 suprascriptis

722 2488 905 2556 nobis
950 2488 1175 2556 dandis
1215 2509 1256 2556 a
1296 2508 1415 2555 sua
1454 2489 1845 2571 processisse
1909 2489 2463 2555 Reverendissima
2526 2472 2934 2574 paternitate,
3001 2495 3066 2555 et

724 2593 801 2660 de
844 2592 1151 2676 predictis
1194 2592 1385 2661 fuerit
1421 2590 1663 2676 primus
1706 2597 2055 2676 promotor,
2124 2593 2421 2677 quodque
2467 2612 2584 2661 nos
2639 2597 2772 2659 tum
2817 2591 2898 2660 ob
2943 2592 3064 2660 Dei

724 2695 1149 2763 reverentiam
1191 2701 1327 2762 tum
1371 2696 1562 2762 etiam
1602 2714 1720 2779 pro
1766 2695 2007 2763 honore
2053 2701 2294 2778 nostro,
2354 2696 2732 2762 haberemus
2777 2695 3065 2779 gratissi-

722 2818 911 2880 mum,
949 2799 1061 2865 illa
1105 2798 1341 2865 habere
1381 2818 1508 2866 non
1553 2798 1868 2880 obstante,
1932 2800 2103 2882 quod
2145 2821 2218 2868 re
2260 2820 2415 2867 vera
2459 2817 2913 2882 cognoscamus
2955 2799 3065 2864 de-

724 2900 1071 2969 fensionem
1117 2907 1182 2968 et
1225 2902 1769 2969 conservationem
1838 2921 2056 2969 eorum
2119 2923 2413 2988 magnam
2456 2902 2784 2984 requirere
2829 2917 3064 2984 expen-

726 3023 859 3070 sam
909 3008 975 3070 et
1014 3009 1363 3088 propterea
1409 3005 1543 3071 eius
1582 3003 2200 3073 Reverendissimam
2250 3007 2703 3090 paternitatem
2745 3021 3065 3086 rogamuS,

726 3111 799 3173 ut
842 3111 1213 3174 occurrente
1261 3127 1412 3174 casu
1457 3126 1582 3189 quo
1631 3126 1708 3173 ea
1742 3106 1885 3173 loca
1923 3107 2296 3189 habeantur,
2351 3111 2407 3174 ei
2450 3107 2722 3191 placeat,
2766 3126 2883 3190 per
2926 3107 3070 3173 illos

726 3209 970 3290 modos,
1019 3211 1129 3292 qui
1175 3209 1310 3276 eius
1352 3199 1571 3276 multe'
1595 3211 1907 3292 sapientie
1955 3211 2290 3276 videantur
2332 3208 2668 3291 providere
2699 3209 2869 3290 quod
2900 3209 3072 3275 dicta

728 3313 871 3378 loca
915 3332 1055 3378 cum
1100 3313 1443 3379 territoriis
1488 3313 1619 3378 suis
1666 3313 2074 3395 assignentur
2134 3318 2354 3379 nostro
2404 3312 2655 3378 nomine
2690 3313 2830 3378 viro
2872 3311 3072 3379 nobili

730 3414 971 3482 Aluisio
1034 3415 1413 3480 Lauredano
1478 3415 1880 3498 procuratori
1941 3416 2271 3497 capitaneo
2339 3413 2794 3497 suprascripto.
2881 3413 2970 3479 Et
3007 3414 3072 3480 in

728 3517 1031 3601 predictis
1076 3519 1259 3599 sequi
1306 3518 1541 3584 debeas
1589 3519 1883 3600 opinione
1917 3537 2030 3584 sue
2063 3517 2614 3584 Reverendissime
2641 3517 3072 3599 paternitatis,

731 3625 797 3686 et
838 3619 1050 3685 facere
1094 3625 1167 3685 ut
1208 3619 1329 3686 tibi
1372 3621 1557 3686 dicet.
1652 3620 1769 3706 [Et
1808 3619 1981 3685 ultra
2031 3619 2368 3702 Galipolim
2418 3625 2484 3686 et
2527 3619 2888 3686 Salonicum
2933 3638 3073 3685 cum

730 3723 1074 3789 territoriis
1113 3723 1265 3803 suiS,
1310 3742 1604 3806 procura,
1652 3723 1823 3805 quod
1860 3722 2206 3790 habeamus
2236 3723 2606 3805 Marognam
2654 3727 2720 3788 et
2763 3721 3072 3788 Panidum

733 3843 856 3906 que
920 3843 1114 3909 super
1178 3827 1341 3892 mari
1400 3827 1527 3892 sita
1586 3831 1751 3906 sunt,
1823 3844 1964 3891 cum
2021 3825 2163 3892 aliis
2224 3824 2381 3890 locis
2438 3823 2770 3890 maritimis
2821 3823 3072 3891 illarum

729 3927 1055 4014 partium}

937 4066 1235 4133 Ceterum
1280 4073 1355 4134 ut
1402 4067 1697 4133 denarios
1762 4066 2002 4133 habeas
2049 4071 2114 4132 et
2155 4064 2376 4132 fulcire
2415 4069 2481 4130 te
2527 4063 2742 4130 valeas
2782 4079 3073 4129 necessa-

730 4169 843 4235 riis
892 4173 957 4234 et
1003 4173 1177 4237 stare
1216 4171 1282 4236 in
1328 4171 1613 4238 exercitu
1656 4174 1729 4236 ut
1770 4169 1889 4236 tibi
1935 4168 2368 4235 mandavimus
2435 4165 2553 4232 tibi
2609 4166 2914 4232 mittimus
2957 4182 3073 4248 per

734 4271 1043 4339 cambium
1121 4273 1386 4341 ducatos
1444 4273 1633 4339 11110·
1664 4274 1845 4359 (400)
1917 4278 1982 4340 et
2048 4272 2234 4338 litere
2278 4270 2376 4337 his
2417 4269 2657 4336 incluse
2700 4270 2904 4336 erunt.
2986 4266 3074 4332 Et

733 4379 1029 4458 preterea
1072 4375 1368 4442 iussimus
1410 4375 1637 4442 Baiulo
1682 4380 1902 4443 nostro
1946 4372 2546 4456 ConstantinopoIiS,
2590 4375 2665 4438 ut
2706 4371 2791 4438 ad
2827 4388 3074 4436 omnem

732 4483 907 4546 tuam
951 4478 1450 4563 requisitionem,
1502 4479 1620 4546 tibi
1667 4477 2003 4546 subvenire
2049 4476 2282 4544 debeat
2325 4475 2404 4544 de
2451 4473 2694 4542 ducatis
2741 4473 2862 4541 110·
2890 4473 3070 4560 (200)
