<?xml version="1.0" encoding="UTF-8"?>
<!DOCTYPE html PUBLIC "-//W3C//DTD XHTML 1.0 Transitional//EN"
    "http://www.w3.org/TR/xhtml1/DTD/xhtml1-transitional.dtd">
<html xmlns="http://www.w3.org/1999/xhtml" xml:lang="en" lang="en">
 <head>
  <title>
</title>
<meta http-equiv="Content-Type" content="text/html;charset=utf-8" />
  <meta name='ocr-system' content='tesseract 3.04.00' />
  <meta name='ocr-capabilities' content='ocr_page ocr_carea ocr_par ocr_line ocrx_word'/>
</head>
<body>
  <div class='ocr_page' id='page_1' title='image "./fontesrerumpolo00unkngoog_0191.png"; bbox 0 0 3793 5187; ppageno 0'>
   <div class='ocr_carea' id='block_1_1' title="bbox 1841 609 1968 672">
    <p class='ocr_par' dir='ltr' id='par_1_1' title="bbox 1841 609 1968 672">
     <span class='ocr_line' id='line_1_1' title="bbox 1841 609 1968 672; baseline 0.016 -1"><span class='ocrx_word' id='word_1_1' title='bbox 1841 609 1968 672; x_wconf 81' lang='lat'><strong>194</strong></span> 
     </span>
    </p>
   </div>
   <div class='ocr_carea' id='block_1_2' title="bbox 1727 695 2141 706">
    <p class='ocr_par' dir='ltr' id='par_1_2' title="bbox 1727 695 2141 706">
     <span class='ocr_line' id='line_1_2' title="bbox 1727 695 2141 706; baseline 0 0"><span class='ocrx_word' id='word_1_2' title='bbox 1727 695 2141 706; x_wconf 95' lang='lat' dir='ltr'><strong> </strong></span> 
     </span>
    </p>
   </div>
   <div class='ocr_carea' id='block_1_3' title="bbox 759 808 3145 1284">
    <p class='ocr_par' dir='ltr' id='par_1_3' title="bbox 759 808 3145 996">
     <span class='ocr_line' id='line_1_3' title="bbox 765 808 3145 898; baseline 0.002 -24"><span class='ocrx_word' id='word_1_3' title='bbox 765 808 988 875; x_wconf 87' lang='lat' dir='ltr'><strong>dorum</strong></span> <span class='ocrx_word' id='word_1_4' title='bbox 1035 809 1302 892; x_wconf 88' lang='lat' dir='ltr'><strong>collegio</strong></span> <span class='ocrx_word' id='word_1_5' title='bbox 1347 809 1521 876; x_wconf 88' lang='lat' dir='ltr'><strong>visus</strong></span> <span class='ocrx_word' id='word_1_6' title='bbox 1567 809 1780 876; x_wconf 81' lang='lat' dir='ltr'><strong>fuerit.</strong></span> <span class='ocrx_word' id='word_1_7' title='bbox 1867 810 1957 876; x_wconf 89' lang='lat' dir='ltr'><strong>Et</strong></span> <span class='ocrx_word' id='word_1_8' title='bbox 2000 811 2290 878; x_wconf 89' lang='lat' dir='ltr'><strong>similiter</strong></span> <span class='ocrx_word' id='word_1_9' title='bbox 2339 811 2756 893; x_wconf 79' lang='lat' dir='ltr'>provideatur</span> <span class='ocrx_word' id='word_1_10' title='bbox 2798 830 2918 898; x_wconf 87' lang='lat' dir='ltr'><strong>per</strong></span> <span class='ocrx_word' id='word_1_11' title='bbox 2964 812 3113 878; x_wconf 89' lang='lat' dir='ltr'><strong>Col·</strong></span> <span class='ocrx_word' id='word_1_12' title='bbox 3130 843 3145 849; x_wconf 92' lang='lat'><em>·</em></span> 
     </span>
     <span class='ocr_line' id='line_1_4' title="bbox 759 911 2835 996; baseline 0.002 -20"><span class='ocrx_word' id='word_1_13' title='bbox 759 911 996 994; x_wconf 82' lang='lat' dir='ltr'><strong>legium</strong></span> <span class='ocrx_word' id='word_1_14' title='bbox 1040 911 1121 978; x_wconf 91' lang='lat' dir='ltr'><strong>de</strong></span> <span class='ocrx_word' id='word_1_15' title='bbox 1162 911 1446 993; x_wconf 89' lang='lat' dir='ltr'><strong>pecuniis</strong></span> <span class='ocrx_word' id='word_1_16' title='bbox 1489 930 1609 994; x_wconf 88' lang='lat' dir='ltr'><strong>pro</strong></span> <span class='ocrx_word' id='word_1_17' title='bbox 1649 913 1858 978; x_wconf 89' lang='lat' dir='ltr'><strong>reditu</strong></span> <span class='ocrx_word' id='word_1_18' title='bbox 1902 912 2173 994; x_wconf 83' lang='lat' dir='ltr'><strong>predicti</strong></span> <span class='ocrx_word' id='word_1_19' title='bbox 2216 912 2481 980; x_wconf 87' lang='lat' dir='ltr'><strong>Ioannis</strong></span> <span class='ocrx_word' id='word_1_20' title='bbox 2526 913 2835 996; x_wconf 84' lang='lat' dir='ltr'><strong>Baptiste.</strong></span> 
     </span>
    </p>

    <p class='ocr_par' dir='ltr' id='par_1_4' title="bbox 1007 1013 1658 1096">
     <span class='ocr_line' id='line_1_5' title="bbox 1007 1013 1658 1096; baseline -0.003 -18"><span class='ocrx_word' id='word_1_21' title='bbox 1007 1013 1108 1080; x_wconf 91' lang='lat' dir='ltr'><strong>De</strong></span> <span class='ocrx_word' id='word_1_22' title='bbox 1150 1019 1338 1096; x_wconf 88' lang='lat' dir='ltr'><strong>parte</strong></span> <span class='ocrx_word' id='word_1_23' title='bbox 1515 1015 1658 1080; x_wconf 88' lang='grc'><strong>116.</strong></span> 
     </span>
    </p>

    <p class='ocr_par' dir='ltr' id='par_1_5' title="bbox 1007 1116 1652 1182">
     <span class='ocr_line' id='line_1_6' title="bbox 1007 1116 1652 1182; baseline 0 -1"><span class='ocrx_word' id='word_1_24' title='bbox 1007 1116 1108 1182; x_wconf 92' lang='lat' dir='ltr'><strong>De</strong></span> <span class='ocrx_word' id='word_1_25' title='bbox 1151 1134 1278 1182; x_wconf 93' lang='lat' dir='ltr'><strong>non</strong></span> <span class='ocrx_word' id='word_1_26' title='bbox 1591 1119 1652 1182; x_wconf 90' lang='grc' dir='ltr'><strong>Ο.</strong></span> 
     </span>
    </p>

    <p class='ocr_par' dir='ltr' id='par_1_6' title="bbox 1007 1217 1652 1284">
     <span class='ocr_line' id='line_1_7' title="bbox 1007 1217 1652 1284; baseline 0.002 -1"><span class='ocrx_word' id='word_1_27' title='bbox 1007 1217 1152 1284; x_wconf 80' lang='lat' dir='ltr'><strong>Non</strong></span> <span class='ocrx_word' id='word_1_28' title='bbox 1198 1217 1428 1284; x_wconf 79' lang='lat' dir='ltr'><strong>sinceri</strong></span> <span class='ocrx_word' id='word_1_29' title='bbox 1592 1224 1652 1284; x_wconf 89' lang='lat'><strong>0.</strong></span> 
     </span>
    </p>
   </div>
   <div class='ocr_carea' id='block_1_4' title="bbox 829 1351 2231 1528">
    <p class='ocr_par' dir='ltr' id='par_1_7' title="bbox 829 1351 2231 1528">
     <span class='ocr_line' id='line_1_8' title="bbox 1066 1351 2010 1424; baseline 0 -16"><span class='ocrx_word' id='word_1_30' title='bbox 1066 1353 1332 1424; x_wconf 77' lang='lat' dir='ltr'><strong>(Archivae‘o</strong></span> <span class='ocrx_word' id='word_1_31' title='bbox 1370 1352 1428 1407; x_wconf 72' lang='lat' dir='ltr'><strong>de·</strong></span> <span class='ocrx_word' id='word_1_32' title='bbox 1461 1351 1615 1408; x_wconf 77' lang='lat' dir='ltr'><strong>Scato</strong></span> <span class='ocrx_word' id='word_1_33' title='bbox 1649 1354 1704 1407; x_wconf 74' lang='lat' dir='ltr'><strong>in</strong></span> <span class='ocrx_word' id='word_1_34' title='bbox 1755 1351 2010 1423; x_wconf 69' lang='lat' dir='ltr'><strong>Venetia).</strong></span> 
     </span>
     <span class='ocr_line' id='line_1_9' title="bbox 829 1436 2231 1528; baseline 0.001 -34"><span class='ocrx_word' id='word_1_35' title='bbox 829 1437 1262 1495; x_wconf 84' lang='lat' dir='ltr'><strong>Deliberazioni</strong></span> <span class='ocrx_word' id='word_1_36' title='bbox 1301 1437 1522 1528; x_wconf 76' lang='lat' dir='ltr'><strong>Senato</strong></span> <span class='ocrx_word' id='word_1_37' title='bbox 1559 1436 1794 1502; x_wconf 82' lang='lat' dir='ltr'><strong>Secreti‚</strong></span> <span class='ocrx_word' id='word_1_38' title='bbox 1827 1454 1949 1509; x_wconf 84' lang='lat' dir='ltr'><strong>reg.</strong></span> <span class='ocrx_word' id='word_1_39' title='bbox 1986 1437 2055 1494; x_wconf 82' lang='lat'><strong>28</strong></span> <span class='ocrx_word' id='word_1_40' title='bbox 2088 1454 2139 1494; x_wconf 90' lang='lat' dir='ltr'><strong>c.</strong></span> <span class='ocrx_word' id='word_1_41' title='bbox 2178 1440 2231 1496; x_wconf 87' lang='lat'><strong>3.</strong></span> 
     </span>
    </p>
   </div>
   <div class='ocr_carea' id='block_1_5' title="bbox 1677 1591 2190 1610">
    <p class='ocr_par' dir='ltr' id='par_1_8' title="bbox 1677 1591 2190 1610">
     <span class='ocr_line' id='line_1_10' title="bbox 1677 1591 2190 1610; baseline 0 3577"><span class='ocrx_word' id='word_1_42' title='bbox 1677 1591 2190 1610; x_wconf 95' lang='lat' dir='ltr'><strong> </strong></span> 
     </span>
    </p>
   </div>
   <div class='ocr_carea' id='block_1_6' title="bbox 1384 1679 2480 1920">
    <p class='ocr_par' dir='ltr' id='par_1_9' title="bbox 1384 1679 2480 1920">
     <span class='ocr_line' id='line_1_11' title="bbox 1681 1679 2235 1772; baseline 0.004 -2"><span class='ocrx_word' id='word_1_43' title='bbox 1681 1693 2157 1772; x_wconf 85' lang='lat' dir='ltr'>LXXXIII.</span> <span class='ocrx_word' id='word_1_44' title='bbox 2228 1679 2235 1684; x_wconf 63' lang='grc'><strong>’</strong></span> 
     </span>
     <span class='ocr_line' id='line_1_12' title="bbox 1384 1849 2480 1920; baseline 0.003 -4"><span class='ocrx_word' id='word_1_45' title='bbox 1384 1849 1866 1920; x_wconf 70' lang='grc' dir='ltr'><strong>Μοοοουανιι.</strong></span> <span class='ocrx_word' id='word_1_46' title='bbox 1907 1851 2005 1919; x_wconf 69' lang='lat'><strong>«1³0</strong></span> <span class='ocrx_word' id='word_1_47' title='bbox 2043 1851 2223 1918; x_wconf 82' lang='lat' dir='ltr'><strong>xvm.</strong></span> <span class='ocrx_word' id='word_1_48' title='bbox 2268 1851 2480 1919; x_wconf 66' lang='lat' dir='ltr'><strong>martti.</strong></span> 
     </span>
    </p>
   </div>
   <div class='ocr_carea' id='block_1_7' title="bbox 907 2018 2923 2104">
    <p class='ocr_par' dir='ltr' id='par_1_10' title="bbox 907 2018 2923 2104">
     <span class='ocr_line' id='line_1_13' title="bbox 907 2018 2923 2104; baseline 0 -19"><span class='ocrx_word' id='word_1_49' title='bbox 907 2018 1029 2085; x_wconf 89' lang='lat' dir='ltr'><strong>Ser</strong></span> <span class='ocrx_word' id='word_1_50' title='bbox 1069 2019 1345 2085; x_wconf 85' lang='lat' dir='ltr'><strong>Antonio</strong></span> <span class='ocrx_word' id='word_1_51' title='bbox 1389 2019 1640 2086; x_wconf 89' lang='lat' dir='ltr'><strong>Victuri</strong></span> <span class='ocrx_word' id='word_1_52' title='bbox 1681 2019 1865 2086; x_wconf 91' lang='lat' dir='ltr'><strong>militi</strong></span> <span class='ocrx_word' id='word_1_53' title='bbox 1909 2019 2165 2086; x_wconf 88' lang='lat' dir='ltr'><strong>Oratori</strong></span> <span class='ocrx_word' id='word_1_54' title='bbox 2211 2028 2429 2087; x_wconf 88' lang='lat' dir='ltr'><strong>nostro</strong></span> <span class='ocrx_word' id='word_1_55' title='bbox 2469 2021 2539 2087; x_wconf 93' lang='lat' dir='ltr'><strong>in</strong></span> <span class='ocrx_word' id='word_1_56' title='bbox 2580 2021 2923 2104; x_wconf 84' lang='lat' dir='ltr'><strong>Hungaria.</strong></span> 
     </span>
    </p>
   </div>
   <div class='ocr_carea' id='block_1_8' title="bbox 753 2138 3131 4574">
    <p class='ocr_par' dir='ltr' id='par_1_11' title="bbox 753 2138 3131 4574">
     <span class='ocr_line' id='line_1_14' title="bbox 968 2138 3099 2222; baseline 0 -17"><span class='ocrx_word' id='word_1_57' title='bbox 968 2138 1345 2220; x_wconf 80' lang='lat' dir='ltr'>Complures</span> <span class='ocrx_word' id='word_1_58' title='bbox 1403 2139 1762 2220; x_wconf 89' lang='lat' dir='ltr'><strong>accepimus</strong></span> <span class='ocrx_word' id='word_1_59' title='bbox 1827 2139 2077 2206; x_wconf 76' lang='lat' dir='ltr'><strong>litteras</strong></span> <span class='ocrx_word' id='word_1_60' title='bbox 2144 2145 2391 2207; x_wconf 88' lang='lat' dir='ltr'><strong>vestras</strong></span> <span class='ocrx_word' id='word_1_61' title='bbox 2452 2140 2683 2222; x_wconf 89' lang='lat' dir='ltr'><strong>quibus</strong></span> <span class='ocrx_word' id='word_1_62' title='bbox 2759 2140 3099 2222; x_wconf 83' lang='lat' dir='ltr'><strong>diligenter</strong></span> 
     </span>
     <span class='ocr_line' id='line_1_15' title="bbox 761 2239 3131 2325; baseline 0 -16"><span class='ocrx_word' id='word_1_63' title='bbox 761 2258 880 2309; x_wconf 84' lang='lat' dir='ltr'><strong>nos</strong></span> <span class='ocrx_word' id='word_1_64' title='bbox 924 2241 1228 2308; x_wconf 84' lang='lat' dir='ltr'><strong>certiores</strong></span> <span class='ocrx_word' id='word_1_65' title='bbox 1287 2239 1530 2308; x_wconf 84' lang='lat' dir='ltr'><strong>fecistis</strong></span> <span class='ocrx_word' id='word_1_66' title='bbox 1596 2261 1809 2308; x_wconf 90' lang='lat' dir='ltr'><strong>rerum</strong></span> <span class='ocrx_word' id='word_1_67' title='bbox 1878 2242 2155 2308; x_wconf 88' lang='lat' dir='ltr'><strong>omnium</strong></span> <span class='ocrx_word' id='word_1_68' title='bbox 2220 2243 2709 2324; x_wconf 82' lang='lat' dir='ltr'><strong>occurrentium,</strong></span> <span class='ocrx_word' id='word_1_69' title='bbox 2776 2248 3131 2325; x_wconf 86' lang='lat' dir='ltr'><strong>postreme·</strong></span> 
     </span>
     <span class='ocr_line' id='line_1_16' title="bbox 757 2342 3099 2428; baseline 0 -18"><span class='ocrx_word' id='word_1_70' title='bbox 757 2349 972 2411; x_wconf 88' lang='lat' dir='ltr'><strong>autem</strong></span> <span class='ocrx_word' id='word_1_71' title='bbox 1016 2349 1168 2409; x_wconf 87' lang='lat' dir='ltr'><strong>sunt</strong></span> <span class='ocrx_word' id='word_1_72' title='bbox 1210 2342 1336 2408; x_wconf 90' lang='lat' dir='ltr'><strong>diei</strong></span> <span class='ocrx_word' id='word_1_73' title='bbox 1378 2343 1648 2408; x_wconf 88' lang='lat' dir='ltr'>XVIIII.</span> <span class='ocrx_word' id='word_1_74' title='bbox 1693 2343 1977 2425; x_wconf 82' lang='lat' dir='ltr'><strong>proxime</strong></span> <span class='ocrx_word' id='word_1_75' title='bbox 2021 2345 2238 2428; x_wconf 87' lang='lat' dir='ltr'><strong>elapsi,</strong></span> <span class='ocrx_word' id='word_1_76' title='bbox 2282 2349 2349 2412; x_wconf 90' lang='lat' dir='ltr'><strong>et</strong></span> <span class='ocrx_word' id='word_1_77' title='bbox 2390 2363 2533 2411; x_wconf 88' lang='lat' dir='ltr'><strong>cum</strong></span> <span class='ocrx_word' id='word_1_78' title='bbox 2570 2344 2695 2410; x_wconf 88' lang='lat' dir='ltr'><strong>illis</strong></span> <span class='ocrx_word' id='word_1_79' title='bbox 2740 2345 3099 2427; x_wconf 85' lang='lat' dir='ltr'><strong>accepimus</strong></span> 
     </span>
     <span class='ocr_line' id='line_1_17' title="bbox 755 2444 3129 2530; baseline -0 -16"><span class='ocrx_word' id='word_1_80' title='bbox 755 2448 1004 2514; x_wconf 85' lang='lat' dir='ltr'><strong>litteras</strong></span> <span class='ocrx_word' id='word_1_81' title='bbox 1047 2444 1456 2511; x_wconf 88' lang='lat' dir='ltr'><strong>Hemanuelis</strong></span> <span class='ocrx_word' id='word_1_82' title='bbox 1489 2445 1756 2512; x_wconf 88' lang='lat' dir='ltr'><strong>Gerardi</strong></span> <span class='ocrx_word' id='word_1_83' title='bbox 1799 2463 1877 2510; x_wconf 86' lang='lat' dir='ltr'><strong>ex</strong></span> <span class='ocrx_word' id='word_1_84' title='bbox 1907 2446 2260 2520; x_wconf 67' lang='lat' dir='ltr'><strong>Bressovia⁹</strong></span> <span class='ocrx_word' id='word_1_85' title='bbox 2302 2453 2368 2512; x_wconf 90' lang='lat' dir='ltr'><strong>et</strong></span> <span class='ocrx_word' id='word_1_86' title='bbox 2412 2447 2825 2530; x_wconf 81' lang='lat' dir='ltr'><strong>consyderata</strong></span> <span class='ocrx_word' id='word_1_87' title='bbox 2866 2447 3129 2527; x_wconf 82' lang='lat' dir='ltr'><strong>imper--</strong></span> 
     </span>
     <span class='ocr_line' id='line_1_18' title="bbox 755 2547 3103 2633; baseline -0 -16"><span class='ocrx_word' id='word_1_88' title='bbox 755 2549 962 2617; x_wconf 87' lang='lat' dir='ltr'><strong>tantia</strong></span> <span class='ocrx_word' id='word_1_89' title='bbox 979 2548 1307 2630; x_wconf 84' lang='lat' dir='ltr'><strong>provincie</strong></span> <span class='ocrx_word' id='word_1_90' title='bbox 1337 2551 1404 2613; x_wconf 91' lang='lat' dir='ltr'><strong>et</strong></span> <span class='ocrx_word' id='word_1_91' title='bbox 1425 2552 1631 2615; x_wconf 88' lang='lat' dir='ltr'><strong>status</strong></span> <span class='ocrx_word' id='word_1_92' title='bbox 1661 2547 1939 2615; x_wconf 84' lang='lat' dir='ltr'><strong>Illustris</strong></span> <span class='ocrx_word' id='word_1_93' title='bbox 1968 2548 2272 2632; x_wconf 81' lang='lat' dir='ltr'><strong>Stephani</strong></span> <span class='ocrx_word' id='word_1_94' title='bbox 2294 2549 2597 2633; x_wconf 84' lang='lat' dir='ltr'><strong>Vayvode</strong></span> <span class='ocrx_word' id='word_1_95' title='bbox 2626 2566 2754 2616; x_wconf 90' lang='lat' dir='ltr'><strong>non</strong></span> <span class='ocrx_word' id='word_1_96' title='bbox 2780 2549 3103 2631; x_wconf 90' lang='lat' dir='ltr'><strong>potuimus</strong></span> 
     </span>
     <span class='ocr_line' id='line_1_19' title="bbox 756 2650 3105 2735; baseline -0.001 -16"><span class='ocrx_word' id='word_1_97' title='bbox 756 2672 885 2719; x_wconf 91' lang='lat' dir='ltr'><strong>non</strong></span> <span class='ocrx_word' id='word_1_98' title='bbox 925 2652 1162 2719; x_wconf 89' lang='lat' dir='ltr'><strong>moveri</strong></span> <span class='ocrx_word' id='word_1_99' title='bbox 1207 2650 1570 2717; x_wconf 80' lang='lat' dir='ltr'><strong>dubitantes</strong></span> <span class='ocrx_word' id='word_1_100' title='bbox 1632 2652 2065 2733; x_wconf 80' lang='lat' dir='ltr'><strong>maximopere</strong></span> <span class='ocrx_word' id='word_1_101' title='bbox 2126 2650 2207 2719; x_wconf 91' lang='lat' dir='ltr'><strong>de</strong></span> <span class='ocrx_word' id='word_1_102' title='bbox 2268 2652 2483 2735; x_wconf 90' lang='lat' dir='ltr'><strong>aliquo</strong></span> <span class='ocrx_word' id='word_1_103' title='bbox 2529 2652 2994 2719; x_wconf 81' lang='lat' dir='ltr'><strong>inconvenienti</strong></span> <span class='ocrx_word' id='word_1_104' title='bbox 3038 2658 3105 2717; x_wconf 89' lang='lat' dir='ltr'><strong>et</strong></span> 
     </span>
     <span class='ocr_line' id='line_1_20' title="bbox 755 2753 3098 2839; baseline 0 -19"><span class='ocrx_word' id='word_1_105' title='bbox 755 2754 1087 2839; x_wconf 89' lang='lat' dir='ltr'><strong>precipitio</strong></span> <span class='ocrx_word' id='word_1_106' title='bbox 1129 2753 1446 2837; x_wconf 85' lang='lat' dir='ltr'><strong>provincie</strong></span> <span class='ocrx_word' id='word_1_107' title='bbox 1491 2760 1558 2818; x_wconf 94' lang='lat' dir='ltr'><strong>et</strong></span> <span class='ocrx_word' id='word_1_108' title='bbox 1597 2758 1805 2819; x_wconf 87' lang='lat' dir='ltr'><strong>status</strong></span> <span class='ocrx_word' id='word_1_109' title='bbox 1847 2754 2141 2835; x_wconf 88' lang='lat' dir='ltr'><strong>predicti,</strong></span> <span class='ocrx_word' id='word_1_110' title='bbox 2184 2755 2354 2836; x_wconf 90' lang='lat' dir='ltr'><strong>quod</strong></span> <span class='ocrx_word' id='word_1_111' title='bbox 2398 2772 2611 2821; x_wconf 90' lang='lat' dir='ltr'><strong>secum</strong></span> <span class='ocrx_word' id='word_1_112' title='bbox 2642 2772 2937 2838; x_wconf 87' lang='lat' dir='ltr'><strong>magnam</strong></span> <span class='ocrx_word' id='word_1_113' title='bbox 2982 2754 3098 2820; x_wconf 91' lang='lat' dir='ltr'><strong>du-</strong></span> 
     </span>
     <span class='ocr_line' id='line_1_21' title="bbox 761 2855 3105 2940; baseline -0.002 -14"><span class='ocrx_word' id='word_1_114' title='bbox 761 2863 938 2927; x_wconf 87' lang='lat' dir='ltr'><strong>ceret</strong></span> <span class='ocrx_word' id='word_1_115' title='bbox 976 2856 1168 2923; x_wconf 88' lang='lat' dir='ltr'><strong>rebus</strong></span> <span class='ocrx_word' id='word_1_116' title='bbox 1212 2855 1572 2921; x_wconf 86' lang='lat' dir='ltr'><strong>christianis</strong></span> <span class='ocrx_word' id='word_1_117' title='bbox 1618 2855 2064 2937; x_wconf 75' lang='lat' dir='ltr'><strong>calamitatem,</strong></span> <span class='ocrx_word' id='word_1_118' title='bbox 2112 2856 2230 2923; x_wconf 88' lang='lat' dir='ltr'><strong>sed</strong></span> <span class='ocrx_word' id='word_1_119' title='bbox 2272 2858 2603 2940; x_wconf 81' lang='lat' dir='ltr'><strong>presertim</strong></span> <span class='ocrx_word' id='word_1_120' title='bbox 2667 2862 2733 2923; x_wconf 90' lang='lat' dir='ltr'><strong>et</strong></span> <span class='ocrx_word' id='word_1_121' title='bbox 2796 2856 3105 2939; x_wconf 87' lang='lat' dir='ltr'><strong>imprimis</strong></span> 
     </span>
     <span class='ocr_line' id='line_1_22' title="bbox 754 2958 3093 3042; baseline -0.003 -13"><span class='ocrx_word' id='word_1_122' title='bbox 754 2961 958 3030; x_wconf 89' lang='lat' dir='ltr'><strong>statui</strong></span> <span class='ocrx_word' id='word_1_123' title='bbox 999 2960 1197 3042; x_wconf 88' lang='lat' dir='ltr'><strong>ipsius</strong></span> <span class='ocrx_word' id='word_1_124' title='bbox 1244 2958 1641 3024; x_wconf 88' lang='lat' dir='ltr'><strong>Serenissimi</strong></span> <span class='ocrx_word' id='word_1_125' title='bbox 1684 2960 1917 3025; x_wconf 90' lang='lat' dir='ltr'><strong>domini</strong></span> <span class='ocrx_word' id='word_1_126' title='bbox 1958 2960 2131 3042; x_wconf 82' lang='lat' dir='ltr'><strong>regis</strong></span> <span class='ocrx_word' id='word_1_127' title='bbox 2177 2960 2258 3025; x_wconf 94' lang='lat' dir='ltr'><strong>de</strong></span> <span class='ocrx_word' id='word_1_128' title='bbox 2300 2977 2427 3041; x_wconf 89' lang='lat' dir='ltr'><strong>quo</strong></span> <span class='ocrx_word' id='word_1_129' title='bbox 2470 2977 2599 3025; x_wconf 93' lang='lat' dir='ltr'><strong>non</strong></span> <span class='ocrx_word' id='word_1_130' title='bbox 2627 2960 2832 3025; x_wconf 88' lang='lat' dir='ltr'><strong>miuus</strong></span> <span class='ocrx_word' id='word_1_131' title='bbox 2876 2976 3093 3025; x_wconf 89' lang='lat' dir='ltr'><strong>sumus</strong></span> 
     </span>
     <span class='ocr_line' id='line_1_23' title="bbox 757 3060 3101 3144; baseline -0.002 -13"><span class='ocrx_word' id='word_1_132' title='bbox 757 3064 931 3131; x_wconf 84' lang='lat' dir='ltr'><strong>anxii</strong></span> <span class='ocrx_word' id='word_1_133' title='bbox 975 3069 1041 3129; x_wconf 89' lang='lat' dir='ltr'><strong>et</strong></span> <span class='ocrx_word' id='word_1_134' title='bbox 1085 3061 1318 3127; x_wconf 87' lang='lat' dir='ltr'><strong>soliciti</strong></span> <span class='ocrx_word' id='word_1_135' title='bbox 1362 3080 1550 3143; x_wconf 87' lang='lat' dir='ltr'><strong>quam</strong></span> <span class='ocrx_word' id='word_1_136' title='bbox 1619 3061 1698 3126; x_wconf 90' lang='lat' dir='ltr'><strong>de</strong></span> <span class='ocrx_word' id='word_1_137' title='bbox 1761 3062 2023 3144; x_wconf 91' lang='lat' dir='ltr'><strong>proprio</strong></span> <span class='ocrx_word' id='word_1_138' title='bbox 2070 3066 2243 3128; x_wconf 89' lang='lat' dir='ltr'><strong>statu</strong></span> <span class='ocrx_word' id='word_1_139' title='bbox 2283 3067 2523 3128; x_wconf 90' lang='lat' dir='ltr'><strong>nostro.</strong></span> <span class='ocrx_word' id='word_1_140' title='bbox 2608 3061 2696 3127; x_wconf 90' lang='lat' dir='ltr'><strong>Et</strong></span> <span class='ocrx_word' id='word_1_141' title='bbox 2738 3061 2819 3126; x_wconf 89' lang='lat' dir='ltr'><strong>ab</strong></span> <span class='ocrx_word' id='word_1_142' title='bbox 2883 3060 3101 3126; x_wconf 88' lang='lat' dir='ltr'><strong>huius-</strong></span> 
     </span>
     <span class='ocr_line' id='line_1_24' title="bbox 755 3163 3098 3246; baseline -0.003 -13"><span class='ocrx_word' id='word_1_143' title='bbox 755 3166 930 3233; x_wconf 87' lang='lat' dir='ltr'><strong>modi</strong></span> <span class='ocrx_word' id='word_1_144' title='bbox 974 3163 1112 3230; x_wconf 92' lang='lat' dir='ltr'><strong>zelo</strong></span> <span class='ocrx_word' id='word_1_145' title='bbox 1160 3168 1226 3228; x_wconf 87' lang='lat' dir='ltr'><strong>et</strong></span> <span class='ocrx_word' id='word_1_146' title='bbox 1271 3181 1426 3228; x_wconf 87' lang='lat' dir='ltr'><strong>cura</strong></span> <span class='ocrx_word' id='word_1_147' title='bbox 1466 3164 1781 3245; x_wconf 88' lang='lat' dir='ltr'><strong>processit</strong></span> <span class='ocrx_word' id='word_1_148' title='bbox 1822 3164 2025 3229; x_wconf 90' lang='lat' dir='ltr'><strong>omnis</strong></span> <span class='ocrx_word' id='word_1_149' title='bbox 2058 3164 2347 3246; x_wconf 88' lang='lat' dir='ltr'><strong>operatio</strong></span> <span class='ocrx_word' id='word_1_150' title='bbox 2378 3170 2445 3230; x_wconf 89' lang='lat' dir='ltr'><strong>et</strong></span> <span class='ocrx_word' id='word_1_151' title='bbox 2472 3163 2753 3229; x_wconf 87' lang='lat' dir='ltr'><strong>studium</strong></span> <span class='ocrx_word' id='word_1_152' title='bbox 2784 3170 3098 3243; x_wconf 84' lang='lat' dir='ltr'><strong>nostrum,</strong></span> 
     </span>
     <span class='ocr_line' id='line_1_25' title="bbox 753 3264 3129 3349; baseline -0.001 -16"><span class='ocrx_word' id='word_1_153' title='bbox 753 3269 971 3334; x_wconf 88' lang='lat' dir='ltr'><strong>missio</strong></span> <span class='ocrx_word' id='word_1_154' title='bbox 1016 3264 1382 3331; x_wconf 88' lang='lat' dir='ltr'><strong>Emanuelis</strong></span> <span class='ocrx_word' id='word_1_155' title='bbox 1444 3265 1512 3330; x_wconf 91' lang='lat' dir='ltr'><strong>in</strong></span> <span class='ocrx_word' id='word_1_156' title='bbox 1577 3264 1980 3339; x_wconf 81' lang='lat' dir='ltr'><strong>Moldaviam,</strong></span> <span class='ocrx_word' id='word_1_157' title='bbox 2044 3273 2111 3332; x_wconf 91' lang='lat' dir='ltr'><strong>et</strong></span> <span class='ocrx_word' id='word_1_158' title='bbox 2174 3284 2549 3349; x_wconf 88' lang='lat' dir='ltr'><strong>quecunque</strong></span> <span class='ocrx_word' id='word_1_159' title='bbox 2608 3266 3129 3332; x_wconf 88' lang='lat' dir='ltr'><strong>memoravimus-</strong></span> 
     </span>
     <span class='ocr_line' id='line_1_26' title="bbox 760 3368 3131 3451; baseline -0.002 -13"><span class='ocrx_word' id='word_1_160' title='bbox 760 3368 1190 3438; x_wconf 87' lang='lat' dir='ltr'><strong>consuluimus</strong></span> <span class='ocrx_word' id='word_1_161' title='bbox 1236 3368 1624 3449; x_wconf 87' lang='lat' dir='ltr'><strong>quesivimus</strong></span> <span class='ocrx_word' id='word_1_162' title='bbox 1689 3374 1757 3433; x_wconf 92' lang='lat' dir='ltr'><strong>et</strong></span> <span class='ocrx_word' id='word_1_163' title='bbox 1799 3368 2043 3448; x_wconf 90' lang='lat' dir='ltr'><strong>operati</strong></span> <span class='ocrx_word' id='word_1_164' title='bbox 2110 3386 2330 3434; x_wconf 87' lang='lat' dir='ltr'><strong>sumus</strong></span> <span class='ocrx_word' id='word_1_165' title='bbox 2395 3368 2462 3434; x_wconf 92' lang='lat' dir='ltr'><strong>in</strong></span> <span class='ocrx_word' id='word_1_166' title='bbox 2526 3368 2811 3434; x_wconf 90' lang='lat' dir='ltr'><strong>favorem</strong></span> <span class='ocrx_word' id='word_1_167' title='bbox 2877 3386 3131 3451; x_wconf 78' lang='lat' dir='ltr'><strong>supra--</strong></span> 
     </span>
     <span class='ocr_line' id='line_1_27' title="bbox 754 3468 3096 3555; baseline -0.002 -16"><span class='ocrx_word' id='word_1_168' title='bbox 754 3472 979 3555; x_wconf 85' lang='lat' dir='ltr'><strong>scripti</strong></span> <span class='ocrx_word' id='word_1_169' title='bbox 1025 3470 1354 3553; x_wconf 87' lang='lat' dir='ltr'><strong>Vayvode.</strong></span> <span class='ocrx_word' id='word_1_170' title='bbox 1441 3468 1838 3535; x_wconf 87' lang='lat' dir='ltr'><strong>Meminimus</strong></span> <span class='ocrx_word' id='word_1_171' title='bbox 1883 3471 2072 3535; x_wconf 88' lang='lat' dir='ltr'><strong>etiam</strong></span> <span class='ocrx_word' id='word_1_172' title='bbox 2133 3475 2197 3536; x_wconf 92' lang='lat' dir='ltr'><strong>et</strong></span> <span class='ocrx_word' id='word_1_173' title='bbox 2256 3490 2369 3536; x_wconf 92' lang='lat' dir='ltr'><strong>vos</strong></span> <span class='ocrx_word' id='word_1_174' title='bbox 2430 3490 2559 3538; x_wconf 92' lang='lat' dir='ltr'><strong>non</strong></span> <span class='ocrx_word' id='word_1_175' title='bbox 2622 3489 2764 3538; x_wconf 85' lang='lat' dir='ltr'><strong>esse</strong></span> <span class='ocrx_word' id='word_1_176' title='bbox 2829 3472 3096 3538; x_wconf 90' lang='lat' dir='ltr'><strong>oblitum</strong></span> 
     </span>
     <span class='ocr_line' id='line_1_28' title="bbox 765 3571 3102 3659; baseline -0.001 -18"><span class='ocrx_word' id='word_1_177' title='bbox 765 3580 941 3641; x_wconf 89' lang='lat' dir='ltr'><strong>certo</strong></span> <span class='ocrx_word' id='word_1_178' title='bbox 987 3574 1218 3639; x_wconf 89' lang='lat' dir='ltr'><strong>scimus</strong></span> <span class='ocrx_word' id='word_1_179' title='bbox 1261 3571 1695 3654; x_wconf 89' lang='lat' dir='ltr'><strong>promissionis</strong></span> <span class='ocrx_word' id='word_1_180' title='bbox 1760 3578 1828 3637; x_wconf 93' lang='lat' dir='ltr'><strong>et</strong></span> <span class='ocrx_word' id='word_1_181' title='bbox 1890 3591 2229 3639; x_wconf 89' lang='lat' dir='ltr'><strong>consensus</strong></span> <span class='ocrx_word' id='word_1_182' title='bbox 2271 3575 2447 3659; x_wconf 85' lang='lat' dir='ltr'><strong>regie</strong></span> <span class='ocrx_word' id='word_1_183' title='bbox 2491 3574 2851 3641; x_wconf 84' lang='lat' dir='ltr'><strong>Maiestatis</strong></span> <span class='ocrx_word' id='word_1_184' title='bbox 2900 3578 2977 3638; x_wconf 91' lang='lat' dir='ltr'><strong>ut</strong></span> <span class='ocrx_word' id='word_1_185' title='bbox 3023 3573 3102 3639; x_wconf 91' lang='lat' dir='ltr'><strong>de</strong></span> 
     </span>
     <span class='ocr_line' id='line_1_29' title="bbox 759 3674 3101 3760; baseline -0.001 -18"><span class='ocrx_word' id='word_1_186' title='bbox 759 3676 1042 3760; x_wconf 89' lang='lat' dir='ltr'><strong>pecuniis</strong></span> <span class='ocrx_word' id='word_1_187' title='bbox 1083 3674 1297 3740; x_wconf 87' lang='lat' dir='ltr'><strong>future</strong></span> <span class='ocrx_word' id='word_1_188' title='bbox 1341 3674 1823 3740; x_wconf 88' lang='lat' dir='ltr'><strong>contributionis</strong></span> <span class='ocrx_word' id='word_1_189' title='bbox 1863 3674 2306 3742; x_wconf 89' lang='lat' dir='ltr'><strong>subveniretur</strong></span> <span class='ocrx_word' id='word_1_190' title='bbox 2352 3676 2558 3742; x_wconf 88' lang='lat' dir='ltr'><strong>eidem</strong></span> <span class='ocrx_word' id='word_1_191' title='bbox 2603 3674 2925 3758; x_wconf 86' lang='lat' dir='ltr'><strong>Vayvode.</strong></span> <span class='ocrx_word' id='word_1_192' title='bbox 2976 3675 3101 3740; x_wconf 89' lang='lat' dir='ltr'><strong>Re·</strong></span> 
     </span>
     <span class='ocr_line' id='line_1_30' title="bbox 761 3776 3127 3862; baseline -0.001 -18"><span class='ocrx_word' id='word_1_193' title='bbox 761 3778 964 3862; x_wconf 90' lang='lat' dir='ltr'><strong>ceptis</strong></span> <span class='ocrx_word' id='word_1_194' title='bbox 1009 3778 1205 3859; x_wconf 84' lang='lat' dir='ltr'><strong>igitur</strong></span> <span class='ocrx_word' id='word_1_195' title='bbox 1245 3777 1480 3842; x_wconf 88' lang='lat' dir='ltr'><strong>litteris</strong></span> <span class='ocrx_word' id='word_1_196' title='bbox 1524 3777 1941 3859; x_wconf 88' lang='lat' dir='ltr'><strong>suprascripti</strong></span> <span class='ocrx_word' id='word_1_197' title='bbox 1972 3776 2339 3844; x_wconf 84' lang='lat' dir='ltr'><strong>Emanuelis</strong></span> <span class='ocrx_word' id='word_1_198' title='bbox 2382 3780 2450 3844; x_wconf 92' lang='lat' dir='ltr'><strong>in</strong></span> <span class='ocrx_word' id='word_1_199' title='bbox 2491 3778 2746 3851; x_wconf 89' lang='lat' dir='ltr'><strong>curiam,</strong></span> <span class='ocrx_word' id='word_1_200' title='bbox 2785 3778 3127 3859; x_wconf 86' lang='lat' dir='ltr'><strong>evestigio·</strong></span> 
     </span>
     <span class='ocr_line' id='line_1_31' title="bbox 753 3878 3099 3962; baseline -0.001 -15"><span class='ocrx_word' id='word_1_201' title='bbox 753 3880 1119 3962; x_wconf 89' lang='lat' dir='ltr'><strong>scripsimus</strong></span> <span class='ocrx_word' id='word_1_202' title='bbox 1162 3897 1240 3944; x_wconf 86' lang='lat' dir='ltr'><strong>ea</strong></span> <span class='ocrx_word' id='word_1_203' title='bbox 1283 3879 1492 3944; x_wconf 82' lang='lat' dir='ltr'><strong>omnia</strong></span> <span class='ocrx_word' id='word_1_204' title='bbox 1537 3878 1904 3943; x_wconf 87' lang='lat' dir='ltr'><strong>nuntiantes</strong></span> <span class='ocrx_word' id='word_1_205' title='bbox 1936 3878 2192 3944; x_wconf 88' lang='lat' dir='ltr'><strong>Summo</strong></span> <span class='ocrx_word' id='word_1_206' title='bbox 2223 3878 2526 3961; x_wconf 86' lang='lat' dir='ltr'><strong>pontifici,</strong></span> <span class='ocrx_word' id='word_1_207' title='bbox 2575 3897 2699 3960; x_wconf 91' lang='lat' dir='ltr'><strong>que</strong></span> <span class='ocrx_word' id='word_1_208' title='bbox 2747 3878 3099 3945; x_wconf 84' lang='lat' dir='ltr'><strong>dubitanda</strong></span> 
     </span>
     <span class='ocr_line' id='line_1_32' title="bbox 753 3980 3100 4065; baseline 0 -18"><span class='ocrx_word' id='word_1_209' title='bbox 753 3982 1323 4047; x_wconf 88' lang='lat' dir='ltr'><strong>mirumimmodum</strong></span> <span class='ocrx_word' id='word_1_210' title='bbox 1367 3980 1550 4046; x_wconf 88' lang='lat' dir='ltr'><strong>nobis</strong></span> <span class='ocrx_word' id='word_1_211' title='bbox 1595 3980 1909 4060; x_wconf 84' lang='lat' dir='ltr'><strong>videntur,</strong></span> <span class='ocrx_word' id='word_1_212' title='bbox 1980 3986 2047 4046; x_wconf 94' lang='lat' dir='ltr'><strong>et</strong></span> <span class='ocrx_word' id='word_1_213' title='bbox 2108 4000 2225 4065; x_wconf 91' lang='lat' dir='ltr'><strong>pro</strong></span> <span class='ocrx_word' id='word_1_214' title='bbox 2290 3986 2617 4064; x_wconf 87' lang='lat' dir='ltr'><strong>comperto</strong></span> <span class='ocrx_word' id='word_1_215' title='bbox 2688 3989 2976 4048; x_wconf 88' lang='lat' dir='ltr'><strong>tenemus</strong></span> <span class='ocrx_word' id='word_1_216' title='bbox 3020 3983 3100 4047; x_wconf 88' lang='lat' dir='ltr'><strong>ad</strong></span> 
     </span>
     <span class='ocr_line' id='line_1_33' title="bbox 753 4083 3098 4165; baseline 0 -14"><span class='ocrx_word' id='word_1_217' title='bbox 753 4086 1019 4151; x_wconf 87' lang='lat' dir='ltr'><strong>istarum</strong></span> <span class='ocrx_word' id='word_1_218' title='bbox 1068 4084 1502 4165; x_wconf 90' lang='lat' dir='ltr'><strong>receptionem</strong></span> <span class='ocrx_word' id='word_1_219' title='bbox 1547 4083 1692 4147; x_wconf 89' lang='lat' dir='ltr'><strong>istic</strong></span> <span class='ocrx_word' id='word_1_220' title='bbox 1755 4083 2029 4163; x_wconf 90' lang='lat' dir='ltr'><strong>reperiri</strong></span> <span class='ocrx_word' id='word_1_221' title='bbox 2096 4089 2385 4150; x_wconf 87' lang='lat' dir='ltr'><strong>oratores</strong></span> <span class='ocrx_word' id='word_1_222' title='bbox 2452 4085 2589 4149; x_wconf 88' lang='lat' dir='ltr'><strong>sive</strong></span> <span class='ocrx_word' id='word_1_223' title='bbox 2632 4085 2885 4150; x_wconf 87' lang='lat' dir='ltr'><strong>nuntios</strong></span> <span class='ocrx_word' id='word_1_224' title='bbox 2933 4085 3098 4152; x_wconf 89' lang='lat' dir='ltr'><strong>eius-</strong></span> 
     </span>
     <span class='ocr_line' id='line_1_34' title="bbox 759 4182 3100 4268; baseline -0 -16"><span class='ocrx_word' id='word_1_225' title='bbox 759 4188 904 4253; x_wconf 89' lang='lat' dir='ltr'><strong>dem</strong></span> <span class='ocrx_word' id='word_1_226' title='bbox 951 4184 1256 4267; x_wconf 81' lang='lat' dir='ltr'><strong>Vayvode</strong></span> <span class='ocrx_word' id='word_1_227' title='bbox 1303 4190 1369 4249; x_wconf 93' lang='lat' dir='ltr'><strong>et</strong></span> <span class='ocrx_word' id='word_1_228' title='bbox 1411 4182 1855 4259; x_wconf 83' lang='lat' dir='ltr'><strong>Emanuelem3</strong></span> <span class='ocrx_word' id='word_1_229' title='bbox 1912 4202 2153 4266; x_wconf 87' lang='lat' dir='ltr'><strong>vosque</strong></span> <span class='ocrx_word' id='word_1_230' title='bbox 2218 4205 2337 4268; x_wconf 90' lang='lat' dir='ltr'><strong>pro</strong></span> <span class='ocrx_word' id='word_1_231' title='bbox 2382 4192 2601 4253; x_wconf 89' lang='lat' dir='ltr'><strong>vestra</strong></span> <span class='ocrx_word' id='word_1_232' title='bbox 2646 4188 2987 4267; x_wconf 88' lang='lat' dir='ltr'><strong>prudentia</strong></span> <span class='ocrx_word' id='word_1_233' title='bbox 3032 4192 3100 4251; x_wconf 91' lang='lat' dir='ltr'><strong>et</strong></span> 
     </span>
     <span class='ocr_line' id='line_1_35' title="bbox 759 4285 3099 4371; baseline -0.001 -17"><span class='ocrx_word' id='word_1_234' title='bbox 759 4289 1148 4355; x_wconf 87' lang='lat' dir='ltr'><strong>dexteritate</strong></span> <span class='ocrx_word' id='word_1_235' title='bbox 1191 4285 1390 4352; x_wconf 84' lang='lat' dir='ltr'><strong>fuisse</strong></span> <span class='ocrx_word' id='word_1_236' title='bbox 1427 4292 1757 4366; x_wconf 87' lang='lat' dir='ltr'><strong>operatum</strong></span> <span class='ocrx_word' id='word_1_237' title='bbox 1800 4293 2107 4367; x_wconf 83' lang='lat' dir='ltr'><strong>quantum</strong></span> <span class='ocrx_word' id='word_1_238' title='bbox 2167 4288 2325 4355; x_wconf 89' lang='lat' dir='ltr'><strong>bene</strong></span> <span class='ocrx_word' id='word_1_239' title='bbox 2389 4289 2742 4371; x_wconf 88' lang='lat' dir='ltr'><strong>intelligitis</strong></span> <span class='ocrx_word' id='word_1_240' title='bbox 2800 4306 2941 4354; x_wconf 90' lang='lat' dir='ltr'><strong>esse</strong></span> <span class='ocrx_word' id='word_1_241' title='bbox 2986 4307 3099 4369; x_wconf 92' lang='lat' dir='ltr'><strong>op-</strong></span> 
     </span>
     <span class='ocr_line' id='line_1_36' title="bbox 760 4384 3097 4494; baseline 0 -38"><span class='ocrx_word' id='word_1_242' title='bbox 760 4396 1102 4472; x_wconf 89' lang='lat' dir='ltr'><strong>portunum</strong></span> <span class='ocrx_word' id='word_1_243' title='bbox 1147 4393 1216 4453; x_wconf 88' lang='lat' dir='ltr'><strong>et</strong></span> <span class='ocrx_word' id='word_1_244' title='bbox 1253 4384 1801 4494; x_wconf 55' lang='lat' dir='ltr'><strong>accqssimodatnm</strong></span> <span class='ocrx_word' id='word_1_245' title='bbox 1842 4391 2130 4471; x_wconf 89' lang='lat' dir='ltr'><strong>materie,</strong></span> <span class='ocrx_word' id='word_1_246' title='bbox 2176 4395 2243 4457; x_wconf 87' lang='lat' dir='ltr'><strong>et</strong></span> <span class='ocrx_word' id='word_1_247' title='bbox 2282 4396 2506 4457; x_wconf 90' lang='lat' dir='ltr'><strong>nostro</strong></span> <span class='ocrx_word' id='word_1_248' title='bbox 2557 4390 2885 4455; x_wconf 85' lang='lat' dir='ltr'><strong>desiderio.</strong></span> <span class='ocrx_word' id='word_1_249' title='bbox 2970 4390 3097 4456; x_wconf 89' lang='lat' dir='ltr'><strong>Sed</strong></span> 
     </span>
     <span class='ocr_line' id='line_1_37' title="bbox 755 4489 3125 4574; baseline 0 -15"><span class='ocrx_word' id='word_1_250' title='bbox 755 4499 971 4559; x_wconf 82' lang='lat' dir='ltr'><strong>tamen</strong></span> <span class='ocrx_word' id='word_1_251' title='bbox 1017 4490 1306 4555; x_wconf 89' lang='lat' dir='ltr'><strong>volumus</strong></span> <span class='ocrx_word' id='word_1_252' title='bbox 1356 4504 1428 4554; x_wconf 83' lang='lat' dir='ltr'><strong>ec</strong></span> <span class='ocrx_word' id='word_1_253' title='bbox 1466 4489 1646 4555; x_wconf 90' lang='lat' dir='ltr'><strong>vobis</strong></span> <span class='ocrx_word' id='word_1_254' title='bbox 1691 4490 2083 4572; x_wconf 86' lang='lat' dir='ltr'><strong>mandamus,</strong></span> <span class='ocrx_word' id='word_1_255' title='bbox 2154 4494 2323 4573; x_wconf 87' lang='lat' dir='ltr'><strong>quod</strong></span> <span class='ocrx_word' id='word_1_256' title='bbox 2394 4493 2705 4574; x_wconf 88' lang='lat' dir='ltr'><strong>evestigio</strong></span> <span class='ocrx_word' id='word_1_257' title='bbox 2772 4492 2911 4557; x_wconf 88' lang='lat' dir='ltr'><strong>sitis</strong></span> <span class='ocrx_word' id='word_1_258' title='bbox 2957 4511 3125 4559; x_wconf 87' lang='lat' dir='ltr'><strong>cum·</strong></span> 
     </span>
    </p>
   </div>
  </div>
 </body>
</html>
