3793 5187
1830 585 1953 650 158

713 795 867 854 *tum
911 787 1191 855 eiusdem
1235 787 1512 854 Dominii
1557 787 1635 854 de
1676 789 1858 870 regia
1900 788 2040 870 ipsa
2078 787 2487 868 Celsitudine‚
2532 806 2655 869 que
2698 787 3081 854 amicissima

734 891 1164 957 benivolentie
1210 897 1276 956 et
1321 890 1556 956 amoris
1614 890 1953 972 explicatio
2002 908 2260 958 causam
2320 889 2557 972 pluries
2600 890 2859 973 prebuit
2902 891 3079 972 regie

737 995 1114 1062 Celsitudini
1160 993 1504 1074 indolendi,
1554 994 1727 1074 quod
1771 994 2114 1060 dominium
2182 999 2485 1076 ageretur
2528 1012 2643 1076 per
2681 993 3080 1059 conditiones

743 1104 810 1164 et
853 1099 1160 1164 terminos
1204 1097 1674 1179 principatuum
1731 1097 2221 1164 christianorum
2279 1098 2361 1163 ad
2410 1103 2674 1163 externa
2736 1097 3082 1179 longinqua

736 1205 804 1265 et
842 1199 1106 1264 hostilia
1146 1200 1362 1280 potius
1406 1199 1694 1280 presidia
1731 1217 1851 1282 pro
1895 1199 2117 1266 favore
2155 1217 2370 1264 rerum
2402 1199 2889 1266 christianarum
2932 1218 3081 1265 con-

733 1301 974 1384 fugere.
1065 1302 1495 1384 Libenterque
1561 1307 1710 1368 ante
1779 1301 1901 1367 hac
1965 1303 2145 1384 regia
2207 1302 2577 1370 Sublimitas
2640 1321 2823 1369 suam
2868 1302 3081 1369 decla-

736 1411 948 1472 rasset
993 1405 1351 1487 opinionem
1396 1411 1529 1470 tam
1601 1405 1668 1470 in
1709 1406 1969 1488 negotio
2035 1405 2269 1472 Ussoni
2325 1406 2589 1472 Cassani
2636 1423 2825 1486 quam
2888 1405 3084 1471 etiam

744 1509 1156 1574 Tartarorum
1218 1508 1342 1573 nisi
1409 1507 1720 1574 dubitatio
1783 1507 1957 1574 illam
2018 1509 2331 1574 tenuisset
2390 1507 2641 1574 modice
2697 1508 3081 1589 acquirenda

719 1609 908 1676 fidei.
949 1610 1516 1692 Impresentiarum
1560 1614 1777 1676 autem
1817 1629 1959 1676 cum
1989 1609 2387 1676 Secretarius
2431 1615 2665 1690 vester,
2712 1627 2899 1690 quem
2945 1610 3083 1691 ipse

743 1719 1066 1780 oratorem
1111 1712 1414 1794 appellat,
1483 1712 1802 1793 copiosius
1867 1717 1935 1778 et
1987 1711 2367 1794 locupletius
2434 1711 2613 1793 regie
2662 1711 3085 1778 Sublimitatis

744 1815 1169 1880 declaraverit
1213 1814 1517 1895 optimam
1553 1819 1620 1880 et
1655 1814 2097 1882 amicissimam
2126 1819 2403 1880 mentem
2436 1813 2696 1880 dominii
2725 1815 2790 1880 in
2837 1833 3085 1880 omnem

745 1917 940 1982 decus
1007 1921 1073 1980 et
1132 1915 1611 1997 amplitudinem
1675 1917 1853 1997 regie
1921 1915 2339 1982 Sublimitatis
2406 1935 2650 1998 suoque
2706 1917 2951 1999 judicio
3019 1922 3087 1982 et

747 2019 1008 2084 consilio
1047 2018 1366 2082 remiserit
1409 2019 1852 2085 tractationem
1895 2019 1991 2085 rei
2038 2020 2481 2086 Tartarorum:
2530 2021 2731 2086 visum
2774 2024 2874 2086 est
2910 2020 3085 2101 regie

751 2120 1140 2186 Sublimitati
1183 2125 1248 2186 et
1293 2122 1534 2202 gratias
1579 2140 1774 2202 agere
1840 2129 1907 2188 et
1974 2120 2163 2190 offere
2237 2140 2631 2204 quecumque
2693 2140 2951 2188 suarum
2996 2123 3087 2186 vi-

744 2225 910 2288 rium
956 2229 1074 2302 est,
1145 2228 1213 2288 et
1255 2223 1530 2305 ingenue
1595 2223 1715 2290 hac
1784 2223 2000 2292 oblata
2065 2227 2392 2292 occasione
2456 2243 2644 2290 sensa
2708 2224 3086 2306 explicando

742 2343 862 2389 sua
902 2325 967 2389 in
1011 2325 1265 2407 negotio
1310 2325 1739 2391 Tartarorum.
1826 2325 1991 2390 Nam
2035 2344 2139 2392 res
2204 2328 2489 2408 persicas
2540 2332 2607 2392 et
2650 2326 2888 2392 Ussoni
2936 2327 3088 2392 Cas-

743 2428 884 2492 sani
932 2446 1048 2508 per
1087 2446 1156 2493 se
1199 2427 1356 2494 satis
1404 2447 1482 2493 ex
1525 2429 1663 2510 ipsa
1707 2429 2101 2508 experientia
2160 2434 2227 2493 et
2280 2429 2417 2494 sine
2454 2429 2579 2495 alio
2626 2429 2805 2511 regio
2852 2446 3087 2494 memo-

751 2534 1040 2595 ramento
1086 2529 1455 2597 manifestas
1503 2547 1644 2595 esse
1688 2528 1981 2596 affirmat.
2072 2529 2159 2597 Et
2200 2531 2405 2614 primo
2470 2531 2623 2598 dicit
2664 2531 2840 2613 regia
2885 2530 3091 2597 Subli-

743 2634 951 2714 mites,
994 2632 1486 2698 benivolentiam
1525 2632 1788 2698 dominii
1831 2632 1953 2697 sibi
1994 2632 2155 2698 adeo
2200 2652 2342 2699 esse
2380 2634 2556 2699 cordi
2588 2639 2781 2715 atque
2810 2634 3086 2715 placere,

747 2741 822 2800 ut
865 2754 992 2800 non
1037 2737 1240 2800 solum
1283 2754 1362 2801 ex
1401 2734 1513 2800 illa
1554 2735 1808 2815 letetur,
1877 2735 1992 2801 sed
2056 2735 2362 2817 glorietur
2432 2738 2654 2817 etiam,
2724 2736 3092 2818 gratiasque

745 2838 882 2919 agit
943 2838 1282 2905 immensas
1351 2842 1418 2903 et
1481 2838 1872 2905 immortales
1910 2856 2028 2920 pro
2093 2839 2449 2923 Magnificis
2514 2841 2958 2919 oblationibus,
3026 2845 3092 2905 et

749 2939 1038 3006 ediverso
1083 2958 1203 3005 sua
1247 2941 1457 3005 omnia
1500 2958 1695 3023 regna
1738 2940 1903 3007 filios
1948 2946 2014 3006 et
2056 2940 2391 3008 facultates
2428 2960 2854 3023 quascumque
2884 2942 3090 3017 offert,

746 3060 864 3124 pro
917 3042 1326 3126 amplitudine
1390 3048 1455 3108 et
1515 3044 1722 3126 gloria
1766 3043 2043 3109 dominii.
2133 3044 2233 3109 De
2285 3044 2751 3111 conditionibus
2790 3044 3091 3109 Tartaro-

752 3164 893 3210 rum
967 3148 1148 3228 regia
1219 3144 1590 3213 Sublimitas
1667 3147 2157 3213 dominationem
2226 3146 2379 3213 facit
2452 3149 2785 3215 certiorem
2854 3147 3091 3211 nullam

752 3267 941 3329 posse
985 3268 1101 3332 per
1142 3248 1284 3315 illas
1329 3255 1552 3331 gentes
1597 3250 1943 3315 utilitatem
1994 3250 2130 3316 sive
2176 3250 2687 3317 commoditatem
2751 3248 2927 3315 afferi
2992 3268 3093 3314 re-

753 3351 874 3417 bus
919 3352 1280 3418 christianis
1319 3357 1583 3432 propter
1623 3352 1961 3418 distantias
2005 3351 2304 3433 locorum,
2347 3352 2675 3435 angustias
2721 3357 2786 3417 et
2829 3350 3095 3417 difficul-

749 3460 920 3521 tates
967 3455 1222 3519 viarum
1293 3459 1358 3519 et
1427 3454 1684 3520 flumina
1749 3455 2128 3536 interposita
2198 3459 2264 3520 et
2322 3456 2596 3521 transitu
2642 3452 2923 3519 difficilia
2964 3455 3093 3519 cui-

753 3574 1002 3637 cunque
1069 3555 1549 3637 expeditissimo
1625 3557 1911 3622 exercitu
1982 3556 2213 3623 nedum
2259 3556 2561 3637 Tartaris,
2628 3555 3097 3639 impedimentis

753 3658 1004 3725 familiis
1040 3658 1346 3741 jumentis
1388 3664 1454 3724 et
1497 3660 1730 3725 ceteris
1792 3658 2270 3739 quibuscunque
2313 3660 2584 3726 arcubus
2632 3659 3095 3743 gravatissimis

757 3760 916 3827 adeo
959 3765 1033 3828 ut
1073 3761 1204 3828 XM.
1252 3780 1507 3843 passum
1551 3763 1674 3829 iter
1715 3763 1782 3827 in
1823 3780 1949 3827 uno
1982 3762 2086 3828 die
2124 3762 2428 3829 conficere
2456 3763 2678 3844 possit.
2722 3763 2813 3827 Et
2841 3761 3094 3843 quando

761 3865 956 3929 etiam
1000 3883 1186 3931 casus
1231 3865 1590 3932 huiusmodi
1635 3870 2015 3947 superarent
2070 3864 2475 3931 difficultates
2540 3866 2771 3933 habere
2814 3885 2941 3932 non
2984 3885 3098 3948 po-

753 3971 886 4033 test
927 3985 1080 4049 gens
1123 3968 1236 4033 illa
1294 3975 1426 4034 tam
1485 3986 1884 4035 numerosum
1928 3969 2267 4035 exercitum
2326 3972 2399 4034 ut
2455 3968 2688 4035 Turcos
2730 3970 2932 4051 possit
2988 3987 3098 4053 op-

755 4070 1026 4153 primere
1073 4090 1198 4137 non
1243 4073 1392 4154 quia
1434 4072 1604 4155 regia
1645 4071 2010 4139 Sublimitas
2073 4076 2263 4155 neget
2323 4072 2389 4137 in
2446 4072 2695 4154 regione
2739 4072 2904 4137 inter
2948 4071 3099 4138 Cas-

757 4174 933 4255 pium
961 4192 1136 4241 mare
1164 4178 1230 4240 et
1258 4173 1536 4239 Tanaum
1565 4175 1806 4241 iacente
1837 4192 1976 4242 esse
2004 4193 2332 4241 numerum
2368 4173 2723 4240 huiusmodi
2758 4174 3095 4255 hominum,

757 4278 868 4341 sed
935 4278 1085 4358 quia
1145 4276 1314 4343 inter
1379 4295 1446 4343 se
1489 4277 1806 4344 discordes
1847 4278 2341 4359 dissidentesque
2396 4282 2547 4343 sunt
2589 4281 2662 4342 ut
2712 4275 2959 4342 facilius
3018 4278 3103 4343 sit

753 4377 1112 4444 christianis
1153 4380 1482 4445 convenire
1525 4398 1666 4445 cum
1707 4380 1923 4447 Turcis
1967 4399 2157 4462 quam
2200 4397 2311 4446 eos
2351 4381 2518 4446 inter
2560 4397 2647 4461 se;
2704 4396 2817 4445 nec
2854 4384 2952 4445 est
2986 4380 3102 4445 ali·

723 4482 896 4563 -quis
940 4500 1156 4547 eorum
1193 4482 1386 4549 etiam
1432 4483 1904 4566 potentissimus
1941 4484 2051 4566 qui
2089 4484 2298 4566 plures
2335 4482 2571 4549 habeat
2612 4500 2800 4564 quam
2826 4480 2955 4549 ΧΨ.
2989 4489 3103 4550 aut
