3793 5187
1999 609 2122 670 154

863 812 1290 894 apparatuum
1335 811 1542 891 Turci,
1616 810 1907 893 requisiti
1970 810 2201 877 fuimus
2263 810 2427 877 bono
2484 813 2693 878 medio
2761 815 2842 879 de
2906 813 3221 879 mittendo

865 915 947 980 ad
990 920 1237 996 portam
1281 917 1597 980 oratorem
1644 915 1999 996 quempiam
2058 920 2345 980 nostrum
2405 935 2520 998 pro
2562 917 2831 981 materia
2876 917 3072 998 pacis,
3129 917 3211 981 ad

865 1035 1054 1099 quam
1099 1017 1304 1082 hostis
1359 1017 1702 1099 dispositus
1758 1016 1939 1082 nobis
1998 1016 2445 1082 affirmabatur.
2530 1017 2618 1082 Et
2662 1019 2951 1100 quamvis
2996 1018 3213 1084 existi-

865 1137 1182 1184 maremus
1226 1119 1578 1184 huiusmodi
1614 1119 2107 1201 propositionem
2149 1119 2381 1185 factam
2441 1120 2790 1186 intentione
2849 1121 3045 1203 magis
3099 1139 3214 1186 nos

866 1223 1227 1288 retardandi
1257 1241 1296 1287 a
1321 1221 1693 1287 necessariis
1732 1221 2187 1302 provisionibus
2228 1241 2344 1304 pro
2386 1223 2695 1290 obstando
2738 1224 2977 1306 ingenti
3006 1223 3210 1289 Classi

867 1344 997 1405 sue,
1043 1343 1232 1408 quam
1275 1325 1448 1406 pacis
1487 1325 1827 1406 voluntate,
1881 1325 2285 1391 nihilominus
2329 1332 2404 1391 ut
2444 1327 2558 1391 illa
2602 1325 2821 1392 eadem
2866 1326 3199 1393 simulandi

867 1435 1006 1494 arte
1045 1446 1162 1493 nos
1205 1446 1453 1510 quoque
1492 1433 1828 1506 uteremuS,
1875 1432 2190 1493 oratorem
2236 1428 2442 1510 ipsum
2482 1429 2951 1508 destinavimuS,
2999 1437 3064 1494 et
3108 1431 3206 1494 ni-

867 1531 1202 1596 hilominus
1259 1530 1615 1596 vacavimus
1676 1534 1868 1612 atque
1927 1530 2387 1596 incumbuimus
2430 1532 2860 1612 preparationi
2906 1536 2972 1596 et
3018 1549 3201 1614 expe-

866 1635 1089 1700 ditioni
1149 1633 1384 1699 Classis
1445 1638 1660 1698 nostre
1721 1633 1919 1697 nihilo
1980 1633 2222 1698 tardius
2280 1633 2627 1715 segniusve,
2690 1652 2881 1715 quam
2932 1633 2988 1698 si
3036 1634 3211 1700 nulla

866 1737 1116 1802 omnino
1157 1737 1236 1802 de
1271 1754 1427 1818 pace
1468 1736 1704 1801 mentio
1743 1735 1912 1801 facta
1954 1735 2133 1801 nobis
2178 1743 2361 1802 esset.
2419 1736 2545 1801 Res
2591 1739 2845 1804 tandem
2874 1737 3051 1803 illum
3094 1735 3207 1801 ha-

868 1840 1006 1904 buit
1051 1840 1306 1919 exitum,
1355 1856 1540 1920 quem
1585 1837 1942 1903 habituram
1974 1839 2366 1904 credidimus,
2439 1839 2744 1905 Discessit
2788 1841 2954 1906 enim
2999 1844 3215 1905 orator

867 1946 1082 2007 noster
1110 1941 1342 2006 infecta
1383 1959 1557 2022 pace.
1629 1939 1715 2005 Et
1744 1941 2027 2022 quamvis
2056 1941 2337 2006 Turchus
2379 1941 2472 2006 illi
2515 1943 2637 2007 dici
2679 1942 2901 2008 fecerit
2932 1943 3211 2008 Classem

870 2061 1068 2124 usque
1125 2044 1206 2109 ad
1263 2059 1505 2108 menses
1569 2061 1679 2108 sex
1735 2061 1812 2108 ex
1869 2043 2207 2124 Elesponto
2266 2062 2392 2108 non
2450 2061 2520 2108 se
2576 2061 2714 2110 esse
2774 2045 3207 2122 transituram,

869 2147 1000 2212 Nos
1038 2151 1250 2211 tamen
1295 2146 1711 2226 periculosum
1756 2146 2053 2211 arbitrari
2116 2145 2301 2211 fidem
2362 2145 2593 2212 habere
2637 2146 2843 2212 verbis
2888 2147 3038 2227 suiS,
3102 2147 3210 2228 qui

869 2255 1118 2316 tantum
1182 2248 1434 2315 differet
1495 2250 1578 2314 ad
1636 2267 1749 2314 nos
1793 2249 2213 2329 offendendoS,
2288 2254 2594 2332 quantum
2665 2253 3025 2332 cognoverit
3090 2268 3215 2315 non

868 2370 1053 2435 posse
1094 2353 1162 2418 id
1202 2352 1426 2431 facere,
1472 2353 1720 2434 quando
1751 2352 2079 2432 presertim
2117 2353 2292 2416 nulla
2330 2358 2428 2417 est
2453 2351 2620 2418 facta
2662 2353 2729 2416 in
2768 2353 3019 2435 scriptis
3060 2353 3217 2418 obli·

867 2456 1058 2538 gatiO.
1136 2454 1599 2519 Solicitavimus
1639 2455 1874 2536 jugiter
1922 2473 2151 2534 augere
2196 2453 2475 2519 Classem
2519 2461 2799 2520 nostram
2843 2454 3204 2521 triremibus

872 2564 938 2624 et
978 2557 1243 2624 navibus
1291 2557 1591 2623 maiorem
1637 2576 1825 2640 quam
1868 2557 1936 2621 in
1979 2557 2137 2622 mari
2180 2556 2447 2623 antehac
2493 2556 2917 2637 habuerimuS,
2964 2563 3039 2623 ut
3084 2575 3213 2623 non

869 2661 1072 2726 solum
1097 2665 1334 2725 statum
1358 2664 1641 2725 nostrum
1669 2661 1778 2725 sed
1807 2664 2156 2725 ceterorum
2189 2661 2461 2726 omnium
2492 2660 2974 2726 christianorum
3000 2660 3205 2725 orien-

867 2764 953 2828 tis
1007 2766 1185 2828 tanto
1244 2762 1698 2828 subiacentium
1762 2763 2039 2843 periculo
2098 2780 2492 2845 propugnare
2548 2780 3040 2845 conservareque
3102 2782 3211 2828 va-

870 2866 1130 2932 leamus.

1075 2968 1208 3033 Hec
1249 2967 1458 3033 omnia
1499 2966 1666 3048 regie
1707 2965 2029 3031 Maiestati
2086 2967 2380 3048 gravibus
2422 2972 2488 3033 et
2530 2968 2954 3033 accomodatis
3000 2966 3205 3032 verbis

869 3071 1153 3136 volumus
1212 3070 1562 3148 declaretiS‚
1626 3074 1698 3133 ut
1751 3070 1917 3135 unde
1955 3070 2331 3150 processerit
2389 3070 2717 3135 dissolutio
2778 3071 3203 3151 practicarum

868 3173 1067 3238 Rome
1108 3178 1175 3237 et
1215 3172 1545 3238 frustratio
1590 3171 1875 3238 laborum
1918 3178 1985 3237 et
2026 3173 2439 3255 agitationum
2488 3179 2879 3238 nostrarum:
2946 3172 3035 3237 Et
3078 3190 3202 3253 quo

871 3276 935 3339 in
981 3279 1152 3340 statu
1195 3292 1296 3340 res
1341 3274 1682 3340 christiana
1725 3292 1865 3340 cum
1908 3274 2088 3339 hoste
2128 3276 2229 3353 sit,
2278 3274 2413 3341 sine
2458 3292 2669 3340 errore
2713 3275 3044 3357 intelligat.

1078 3376 1437 3458 Intelligere
1458 3377 1756 3458 potuistis
1781 3396 1857 3441 ex
1884 3376 2087 3441 forma
2110 3377 2547 3442 mandatorum
2568 3384 2947 3458 nostrorum,
2972 3376 3220 3459 quando

873 3476 1349 3544 deliberavimus
1393 3483 1467 3544 ut
1507 3480 1574 3543 in
1600 3476 1938 3545 Poloniam‘
1954 3477 2511 3559 proficisceremini‚
2557 3496 2825 3561 quenam
2865 3477 3060 3544 fuerit
3102 3497 3213 3544 vo-

871 3581 1083 3646 luntas
1135 3584 1351 3645 nostra
1407 3586 1472 3645 et
1527 3584 1849 3660 respectus
1914 3598 2029 3645 nos
2090 3585 2430 3646 moventes,
2519 3580 2689 3646 Satis
2749 3581 2915 3646 enim
2965 3582 3209 3665 perspi-

873 3700 985 3748 cue
1026 3682 1220 3747 locuti
1277 3700 1490 3747 sumus
1547 3681 1752 3746 nostri
1810 3698 1946 3747 esse
1998 3682 2303 3764 propositi
2362 3687 2429 3747 et
2475 3683 2849 3748 intentionis
2904 3684 3206 3766 prodesse

871 3804 983 3867 per
1026 3784 1189 3851 hanc
1231 3789 1505 3851 vestram
1548 3786 1923 3868 legationem
1966 3785 2154 3852 rebus
2194 3785 2571 3866 christianiS,
2616 3805 2741 3852 non
2785 3787 3005 3852 obesse
3047 3787 3206 3851 ami-

873 3905 1085 3953 corum
1130 3887 1338 3953 rebus.
1405 3888 1493 3954 Et
1530 3907 1823 3970 magnum
1865 3887 2123 3954 fecimus
2160 3907 2367 3955 casum
2400 3890 2479 3954 de
2508 3890 2731 3969 verbis
2779 3889 3009 3972 quibus
3052 3892 3203 3955 ante

871 3994 1144 4056 vestram
1187 3990 1254 4054 in
1297 3988 1594 4056 Selesiam
1637 3989 2081 4072 profectionem
2128 3995 2194 4055 et
2238 3994 2387 4071 post
2437 3991 2631 4057 etiam
2678 3992 2950 4057 reditum
2994 3991 3203 4058 vobis-

875 4090 1016 4158 c'um
1059 4092 1159 4158 usi
1201 4090 1451 4157 fuerant
1507 4092 1601 4157 illi
1657 4091 1923 4158 barones
1980 4092 2283 4175 egerrime
2338 4092 2609 4159 ferentes
2652 4095 2910 4175 nuptias
2958 4098 3027 4160 et
3076 4092 3215 4159 affi-

873 4198 1140 4262 nitatem
1199 4212 1340 4259 cum
1393 4194 1578 4260 istius
1621 4192 2013 4260 Serenissimi
2054 4194 2287 4260 domini
2330 4196 2539 4278 Regis
2606 4214 2747 4262 cum
2791 4195 3202 4261 Serenissimo

875 4298 1043 4380 Rege
1085 4295 1497 4362 Ferdinando.
1583 4296 1671 4360 Et
1713 4302 2045 4377 propterea
2095 4298 2264 4365 circa
2306 4298 2837 4364 conversationem
2882 4317 3023 4364 cum
3068 4316 3211 4363 ora-

877 4402 1116 4467 toribus
1185 4398 1460 4464 eiusdem
1519 4400 1684 4481 regis
1749 4400 2132 4465 Ferdinandi
2191 4401 2649 4467 moderavimus
2707 4405 2773 4465 et
2827 4400 3211 4466 correximus

877 4503 1088 4586 priora
1142 4500 1442 4566 mandata
1493 4506 1730 4567 nostra.
1821 4500 2014 4567 Cuius
2070 4500 2371 4567 Maiestas
2440 4520 2583 4567 cum
2640 4501 2834 4567 fuerit
2896 4520 3086 4569 causa
3144 4507 3221 4567 ut
