3793 5187
1788 487 1863 554 17

1772 806 1873 883 X.

1352 940 1695 1010 MGCCGXU.
1739 945 1834 1012 die
1876 947 2030 1014 ΧΙΙΙΙ.
2076 885 2301 1032 Aprilis.

863 1111 1039 1191 Quod
1081 1095 1392 1177 donentur
1434 1111 1540 1176 isti
1590 1115 1813 1180 nuncio
1868 1115 2263 1183 Serenissimi
2300 1118 2532 1184 domini
2575 1117 2762 1200 Regis
2813 1117 2992 1183 Polo-

657 1216 779 1296 nie‚
846 1234 960 1298 pro
1004 1215 1133 1280 suis
1176 1214 1479 1297 expensiS,
1550 1220 1615 1280 et
1657 1235 1769 1298 pro
1812 1219 2116 1287 mittendo
2161 1223 2376 1286 statim
2418 1221 2538 1288 hac
2578 1225 2760 1287 nocte
2803 1239 2996 1286 unum

660 1337 841 1384 suum
883 1319 1194 1399 nuncium,
1262 1319 1343 1384 ad
1384 1319 1701 1385 dominum
1740 1321 1972 1405 Regem
2009 1325 2372 1408 predictum,
2444 1344 2584 1392 cum
2628 1324 2828 1390 literis
2889 1343 2998 1390 no·

660 1422 829 1503 stri8‚
873 1422 1134 1488 ducatos
1176 1421 1500 1504 sexaginta
1534 1422 1691 1489 auri.

962 1525 1059 1589 De
1098 1528 1281 1608 parte
1322 1543 1533 1590 omnes
1578 1525 1705 1592 alii.

965 1627 1060 1693 De
1102 1646 1225 1692 non
1432 1630 1491 1692 5.

965 1729 1106 1796 Non
1150 1730 1374 1797 sinceri
1426 1735 1486 1796 Ο.

730 1849 921 1922 (Idem
955 1853 1117 1904 carte
1158 1849 1261 1919 12.)

1753 2143 1900 2220 XL

1359 2280 1701 2350 mccccxu.
1748 2283 1843 2350 :ne
1885 2284 2037 2351 xmu.
2085 2283 2310 2368 Apu-ins.

868 2447 1043 2529 Quod
1090 2449 1399 2516 scribatur
1456 2451 1858 2518 Serenissimo
1917 2453 2166 2519 domino
2223 2454 2379 2538 Regi
2440 2453 2695 2520 Polonie
2760 2453 2826 2518 in
2885 2453 3002 2518 hac

664 2552 882 2636 forma,
926 2554 1229 2621 videlicet.

867 2658 989 2724 Per
1013 2659 1233 2725 literas
1262 2664 1501 2725 vestras
1530 2660 1749 2743 regias,
1795 2666 1862 2726 et
1889 2664 2180 2727 oretenus
2221 2680 2333 2745 per
2372 2662 2663 2727 nuncium
2708 2666 3001 2741 vestrum,

665 2762 866 2827 virum
925 2762 1291 2844 prudentem
1343 2762 1641 2827 Thomam
1699 2763 1777 2827 de
1834 2762 2031 2832 Diaco
2091 2762 2321 2829 fuimus
2377 2762 2696 2829 informati
2755 2782 3006 2829 concor-

666 2864 835 2930 dium
880 2869 946 2930 et
987 2884 1201 2948 pacem
1244 2870 1521 2931 secutam
1559 2883 1695 2931 esse
1735 2866 1903 2931 inter
1944 2866 2340 2949 Majestatem
2382 2872 2654 2933 vestram
2717 2871 2783 2933 et
2830 2866 3005 2932 Sere-

667 2965 990 3032 nissimum
1052 2968 1367 3034 dominum
1433 2968 1664 3051 Regem
1727 2968 2064 3051 Hungarie.
2169 2969 2256 3033 Et
2323 2967 2641 3051 subiungit
2703 2968 3004 3051 Majestas

672 3074 881 3135 vestra
909 3069 1204 3152 predicta,
1252 3070 1418 3152 quod
1450 3070 1506 3134 si
1532 3069 1912 3135 intendimus
1960 3088 2176 3150 pacem
2216 3074 2283 3136 et
2323 3070 2717 3137 concordium
2760 3070 3006 3151 habere,

668 3190 809 3237 cum
854 3170 1257 3239 Serenissimo
1325 3173 1495 3255 Rege
1552 3172 1892 3253 Hungarie,
1957 3173 2352 3257 Majestatem
2413 3178 2686 3239 vestram
2747 3173 3008 3239 velimus

674 3276 1010 3356 declarare,
1056 3281 1121 3341 et
1152 3275 1393 3341 addidit
1420 3275 1684 3341 nuncius
1726 3280 1933 3341 vester
1978 3274 2292 3357 predictus
2334 3274 2450 3341 sub
2491 3275 2718 3341 vestris
2753 3277 3006 3341 creden-

676 3378 931 3445 tialibus
974 3378 1192 3459 literis,
1259 3379 1426 3460 quod
1468 3376 1793 3443 mittamus
1833 3376 1913 3443 ad
1967 3382 2240 3443 vestram
2297 3377 2676 3459 presentiam
2731 3382 3010 3443 nostram

672 3482 1110 3560 ambaxiatam,
1181 3481 1330 3563 quia
1363 3480 1771 3562 interponetis
1815 3480 2020 3563 regias
2061 3484 2274 3564 partes
2316 3485 2556 3547 vestras
2615 3481 2695 3546 ad
2757 3498 3011 3546 concor-

674 3586 845 3652 dium
889 3588 955 3649 et
995 3602 1207 3667 pacem
1252 3584 1775 3667 pertractandam,
1843 3583 1922 3649 de
1985 3602 2112 3665 qua
2151 3583 2631 3666 participatione
2672 3588 2738 3649 et
2781 3581 3012 3665 signifi-

673 3688 918 3754 catione
945 3687 1111 3754 dicte
1152 3687 1323 3769 pacis
1366 3690 1594 3767 secute,
1640 3690 1941 3768 tanquam
1983 3686 2166 3752 amici
2210 3686 2402 3752 vestri
2444 3685 2670 3765 devoti,
2715 3684 3012 3767 gaudium

672 3791 978 3856 sensimus
1006 3790 1337 3873 singulare,
1380 3794 1664 3855 tenentes
1708 3787 2218 3871 significationem
2261 3786 2620 3869 predictam,
2673 3806 2748 3851 ex
2791 3804 3016 3868 magna

671 3892 936 3958 caritate
984 3893 1329 3975 procedere.
1417 3892 1505 3956 Et
1550 3892 1629 3957 de
1670 3890 1936 3974 benigna
1979 3897 2045 3957 et
2084 3890 2363 3973 gratiosa
2429 3888 2742 3955 oblatione
2802 3894 3014 3953 vestra

674 3995 863 4077 regia,
930 3996 1009 4060 de
1072 3996 1519 4077 interponendo
1572 3994 1968 4060 Maiestatem
2027 3997 2300 4059 vestram
2357 3991 2438 4057 ad
2495 3990 2888 4056 concordium
2955 3996 3020 4055 et

677 4116 891 4181 pacem
929 4099 1449 4180 pertractandam.
1543 4095 2000 4179 Cognoscentes
2029 4096 2202 4160 illam
2227 4093 2561 4176 procedere
2589 4112 2666 4157 ex
2696 4091 3019 4157 affectione

678 4204 745 4265 et
788 4200 1069 4281 caritate,
1134 4198 1359 4282 quibus
1401 4198 1701 4265 Maiestas
1744 4202 1974 4278 vestra,
2040 4202 2255 4263 nostro
2298 4196 2568 4263 dominio
2611 4194 3021 4259 amicabiliter

678 4300 963 4383 afficitur,
1032 4322 1217 4385 quam
1278 4302 1592 4367 uberiores
1650 4301 1994 4382 gratiarum
2059 4298 2336 4365 actiones
2411 4314 2739 4380 possumus
2799 4296 3021 4360 devote

678 4404 1019 4487 referimuS,
1080 4406 1273 4487 Regie
1317 4404 1699 4470 Excellentic
1774 4407 1980 4469 vestre
2037 4402 2425 4469 declarantes
2482 4400 2650 4483 quod
2695 4403 3023 4481 sequentes

2607 4518 2640 4573 2
