3793 5187
1933 480 2032 541 66.

806 678 965 743 bere
1010 681 1075 742 et
1116 679 1343 743 merito
1380 679 1760 763 excusatos]
1834 679 2130 744 Ceterum
2175 684 2249 744 ut
2276 698 2394 761 per
2423 679 2580 745 alias
2611 680 2996 762 scripsimus,
3039 682 3144 746 Ita

810 778 891 843 ad
938 779 1255 844 cautelam
1296 780 1693 860 replicamus,
1758 781 1930 860 quod
1987 780 2262 862 receptis
2315 781 2549 846 litteris
2589 780 2987 846 Serenissimi
3031 782 3142 847 do-

808 881 961 944 mini
1007 880 1201 962 Regis
1244 881 1509 947 Polonie
1555 887 1621 947 et
1660 882 1849 946 Revo-
1882 883 2290 962 paternitatis
2333 889 2566 962 vestre,
2611 883 3026 963 requirentes,
3071 887 3145 948 ut

810 1000 928 1062 pro
980 981 1324 1047 christiano
1390 984 1673 1049 exercitu
1744 984 1823 1049 de
1884 983 2062 1049 libris
2111 984 2228 1047 ΧΠ·
2271 984 2559 1068 (10,000)
2607 984 2888 1066 pulveris
2929 984 3143 1066 provi-

815 1081 1125 1162 deremus,
1192 1083 1401 1149 affecti
1454 1089 1593 1150 tota
1651 1091 1863 1150 mente
1915 1090 2047 1150 tam
2089 1085 2230 1150 utili
2270 1088 2336 1149 et
2379 1089 2600 1150 sancto
2647 1085 2844 1166 operi.
2931 1084 3145 1166 Ipsam

774 1183 1137 1264 pulverem
1181 1186 1407 1249 nuncio
1452 1185 1814 1250 litterarum
1877 1187 2158 1266 ipsarum
2221 1185 2576 1250 liberaliter
2631 1185 2892 1250 fecimus
2939 1187 3145 1252 consi-

814 1285 1013 1365 gnari,
1061 1292 1128 1351 et
1164 1287 1400 1350 nostris
1447 1305 1586 1351 cum
1623 1286 1893 1368 navigiis
1925 1287 2128 1367 ipsam
2162 1284 2506 1352 Sibinicum
2537 1285 2788 1366 deferri,
2831 1291 2906 1352 ut
2931 1286 3144 1368 requi-

812 1385 1053 1452 siverat
1095 1383 1471 1468 Magnificus
1514 1387 1741 1452 Comes
1783 1386 2117 1453 Mathicus.

1115 1488 1216 1554 De
1259 1493 1445 1570 parte
1490 1492 1590 1554 72.

1227 1690 1346 1757 Ser
1392 1691 1737 1757 Federicus
1784 1691 2143 1758 Contareno
2187 1691 2442 1773 sapiens
2489 1691 2749 1757 consilii.

1228 1791 1346 1858 Ser
1389 1792 1641 1858 Marcus
1689 1793 1950 1870 Quirino
1992 1793 2246 1875 sapiens
2290 1796 2464 1858 terre
2507 1790 2706 1857 firme.

1018 1944 1203 2022 Quod
1247 1944 1648 2010 considerata
1712 1943 2125 2026 importantia
2184 1943 2498 2026 particule
2546 1943 2876 2008 literarum
2921 1961 3144 2025 supra—

816 2045 1215 2127 scriptarum,
1243 2050 1538 2111 contente
1566 2046 1730 2110 inter
1751 2050 2089 2127 utrumque
2113 2047 2206 2130 []‚
2235 2064 2376 2110 cum
2408 2045 2822 2110 certissimum
2851 2045 2954 2125 sit,
2979 2044 3151 2125 quod

814 2165 931 2229 per
964 2165 1103 2212 eam
1142 2165 1259 2213 nos
1300 2147 1668 2229 obligamuS‚
1710 2165 1872 2212 anno
1918 2148 2230 2228 sequenti,
2277 2165 2526 2212 armare
2563 2147 2797 2214 nostris
2827 2147 3147 2229 expensis3

815 2249 966 2331 Ipse
1011 2248 1198 2315 litere
1241 2249 1576 2316 mittantur
1624 2250 1760 2316 sine
1803 2251 2120 2332 particula
2165 2250 2616 2332 suprascripta.

1121 2368 1219 2434 De
1262 2373 1447 2451 parte
1492 2371 1591 2436 52.
1677 2368 1778 2434 De
1816 2387 1942 2434 non
1989 2371 2049 2434 3.
2133 2368 2278 2434 Non
2321 2368 2548 2434 sinceri
2591 2370 2650 2434 3.

1020 2502 1285 2573 (Ανοήἰυὶο
1320 2502 1379 2558 ἀι·
1410 2503 1563 2558 Stato
1610 2503 1850 2568 Venezt'a,

956 2586 1177 2645 Senato
1214 2587 1456 2659 Socrati,
1496 2605 1619 2660 reg.
1657 2589 1725 2645 16
1760 2607 1807 2645 ο.
1841 2588 1952 2659 31.)

1854 2826 2121 2902 XXX.

1210 2962 1623 3033 mccccxuli.
1669 2963 1764 3031 die
1807 2963 1916 3030 Χν.
1955 2962 2214 3031 Ianuarii
2259 2967 2450 3040 (more
2490 2963 2750 3039 veneto).

1023 3161 1039 3177 .
1056 3163 1069 3178 .
1086 3163 1101 3177 .
1129 3113 1217 3179 Et
1260 3114 1411 3194 quia
1441 3114 1642 3179 honor
1671 3113 1875 3180 nostri
1905 3113 2158 3193 dominii
2195 3118 2294 3180 est
2322 3114 2750 3195 congratulari
2779 3132 2920 3179 cum
2949 3114 3154 3179 Reve-

822 3214 1199 3281 rendissimo
1247 3215 1498 3281 domino
1545 3215 1884 3282 Cardinale
1927 3216 2131 3281 sancti
2172 3216 2420 3297 Angeli,
2465 3234 2541 3281 ac
2587 3215 3004 3281 Serenissimo
3040 3214 3154 3280 do-

820 3316 989 3380 mino
1039 3315 1217 3397 Rege
1263 3315 1547 3396 Polonie,
1594 3317 1705 3398 qui
1746 3316 1930 3381 nobis
1973 3316 2366 3398 scripserunt
2408 3317 2487 3381 de
2531 3316 2812 3383 victoriis
2857 3315 3154 3393 obtentiS‚

824 3435 904 3481 ex
948 3434 1113 3481 nunc
1154 3421 1408 3498 captum
1452 3418 1557 3497 sit,
1606 3418 1775 3499 quod
1823 3418 2118 3483 mittatur
2169 3435 2334 3483 unus
2387 3422 2606 3483 noster
2649 3417 3031 3483 secretarius
3073 3414 3158 3480 ad

818 3518 1223 3601 presentiam
1251 3520 1484 3599 prefati
1528 3519 2065 3587 Reverendissimi
2125 3519 2362 3585 domini
2407 3518 2780 3598 CardinaIiS,
2846 3522 2911 3584 et
2971 3516 3154 3583 Sere-

822 3619 1065 3683 nissimi
1108 3618 1344 3684 domini
1389 3620 1579 3701 Regis
1622 3639 1698 3686 ac
1743 3622 1936 3686 etiam
1977 3619 2300 3703 Magnifici
2358 3620 2594 3687 domini
2637 3620 2678 3685 J
2681 3619 2944 3685 ohannis
2987 3619 3157 3701 Vay-

821 3720 1006 3805 vode
1027 3720 1440 3786 transsilvani
1486 3722 1571 3785 ad
1617 3722 2134 3803 congaudendum
2180 3722 2260 3788 de
2294 3722 2576 3787 victoriis
2608 3721 3060 3803 suprascriptis
3093 3724 3160 3785 et

822 3820 1343 3904 persentiendum
1384 3824 1465 3889 de
1501 3824 1680 3889 novis
1722 3828 1788 3888 et
1828 3824 2278 3905 progressibus
2323 3822 2828 3901 christianorum,
2875 3840 3014 3888 cum
3041 3820 3160 3885 illa

832 3923 1288 4003 commissione,
1335 3940 1461 4004 que
1504 3922 1821 3989 videbitur
1863 3923 2010 3989 huic
2055 3924 2334 3991 consilio.

1128 4038 1229 4104 De
1272 4045 1458 4122 parte
1504 4044 1646 4105 114.
1734 4041 1835 4105 De
1880 4059 2010 4107 non
2051 4045 2154 4107 22.
2243 4041 2389 4107 Non
2431 4041 2666 4107 sinceri
2699 4043 2758 4106 4.

1027 4172 1290 4245 (Ambivio
1325 4172 1383 4228 di
1422 4172 1577 4229 Scato
1610 4176 1665 4228 ἀι
1710 4174 1949 4235 Veneu‘a,

960 4259 1179 4325 Senato
1218 4259 1459 4331 Secreti,
1498 4276 1623 4330 reg.
1660 4260 1729 4315 16
1764 4276 1810 4316 c.
1846 4259 1914 4314 57
1939 4261 1998 4327 t.)
