3793 5187
1752 553 1835 616 67

1640 854 1948 932 XXXI.

1089 990 1504 1059 ΜῦθΒΟΧιΙΙΙ.
1548 992 1644 1059 die
1686 992 1912 1059 ΧΧνΙΙΙ.
1954 991 2210 1059 ianuarii
2253 997 2356 1068 (m.
2396 998 2494 1068 v.).

839 1157 996 1224 Cum
1041 1156 1265 1224 diebus
1306 1159 1629 1241 preteritis
1677 1164 1930 1241 captum
1973 1157 2166 1224 fuerit
2207 1158 2272 1224 in
2304 1158 2428 1224 isto
2460 1161 2740 1242 consili0,
2793 1162 2964 1242 quod

638 1260 1003 1326 mitteretur
1042 1277 1161 1340 per
1203 1261 1371 1324 viam
1434 1265 1608 1325 terre
1668 1278 1829 1327 unus
1887 1258 2267 1327 secretarius
2324 1263 2541 1326 noster
2584 1263 2666 1327 ad
2704 1281 2962 1345 presen-

641 1361 799 1427 tiam
841 1359 1242 1426 Serenissimi
1303 1360 1538 1427 domini
1594 1361 1789 1445 Regis
1842 1361 2111 1426 Polonie
2154 1365 2218 1427 et
2257 1361 2788 1429 Reverendissimi
2831 1363 2966 1428 Do-

636 1461 791 1528 mini
840 1461 1195 1528 Cardinalis
1236 1461 1450 1544 legati,
1520 1463 1691 1544 quod
1732 1461 1853 1528 fuit
1891 1462 2058 1529 bene
2104 1461 2361 1542 factum,
2418 1468 2483 1528 et
2525 1482 2689 1529 nunc
2729 1482 2846 1547 per
2891 1483 2969 1530 ea

638 1581 763 1645 que
804 1567 1026 1629 secuta
1066 1568 1215 1629 sunt
1256 1565 1336 1628 de
1380 1564 1660 1646 gloriosa
1704 1568 1771 1630 et
1811 1564 2150 1630 excellenti
2177 1565 2448 1630 victoria
2474 1583 2590 1647 per
2619 1565 2824 1648 ipsum
2852 1567 2966 1632 do-

631 1665 868 1731 minum
897 1665 1141 1748 Regem
1173 1671 1397 1732 contra
1437 1665 1719 1748 perfidos
1760 1672 2017 1732 teucros
2070 1665 2353 1746 obtenta,
2400 1667 2593 1732 etiam
2633 1686 2750 1750 per
2792 1686 2968 1734 mare

637 1785 777 1832 cum
820 1765 1019 1850 galeis
1064 1768 1318 1848 nostris,
1364 1766 1614 1833 abiliter
1659 1767 2006 1833 transmitti
2052 1767 2260 1850 possit
2303 1766 2387 1831 ad
2429 1766 2636 1849 ipsum
2680 1766 2966 1834 Serenis-

636 1869 861 1934 simum
902 1867 1158 1951 Regem
1230 1867 1453 1949 Sitque
1498 1869 1687 1934 etiarn
1747 1867 1952 1933 honor
2007 1871 2073 1933 et
2127 1867 2408 1933 debitum
2462 1867 2666 1934 nostri
2710 1868 2964 1951 dominii

636 1969 951 2036 honorare
994 1970 1159 2036 sicut
1202 1969 1403 2049 decet,
1458 1988 1636 2036 suam
1686 1969 2128 2050 Serenitatem,
2175 1987 2318 2050 que,
2364 1973 2437 2033 ut
2481 1987 2696 2036 omnes
2739 1969 2968 2035 intelli-

638 2075 813 2152 gunt,
876 2076 976 2138 est
1026 2089 1357 2154 supremus
1402 2077 1469 2138 et
1512 2072 2075 2138 excellentissimus
2136 2072 2430 2155 princeps
2474 2071 2540 2135 in
2583 2069 2968 2152 christianis,

639 2171 1038 2238 considerata
1101 2173 1293 2238 etiam
1359 2173 1773 2255 importantia
1816 2191 2050 2252 rerum,
2118 2190 2242 2254 que
2299 2190 2626 2239 occurrere
2669 2176 2971 2255 poterunt

637 2273 1015 2356 praticanda
1057 2274 1226 2357 apud
1266 2275 1472 2356 ipsum
1517 2273 2000 2341 serenissimum
2043 2273 2300 2356 Regem.

839 2375 1037 2442 Vadit
1072 2392 1221 2457 pars
1267 2375 1436 2455 quod
1474 2374 1554 2440 de
1596 2375 1879 2457 presenti
1937 2375 2210 2458 eligatur
2271 2393 2386 2457 per
2447 2375 2862 2458 scruptinium
2903 2375 2971 2441 in

638 2477 761 2542 isto
808 2476 1069 2542 consilio
1112 2493 1273 2542 unus
1318 2480 1539 2541 noster
1581 2474 1987 2542 honorandus
2035 2473 2272 2542 Orator
2315 2475 2397 2542 ad
2427 2476 2741 2559 prefatum
2771 2477 2970 2543 domi-

638 2596 791 2645 num
830 2577 1075 2662 Regem
1119 2583 1185 2645 et
1226 2577 1547 2645 dominum
1608 2577 1910 2661 legatum,
1980 2576 2089 2659 qui
2159 2577 2361 2662 accipi
2421 2581 2626 2661 possit
2680 2580 2762 2645 de
2805 2578 2973 2644 omni

638 2682 779 2749 loco
829 2686 896 2748 et
938 2680 1161 2749 officio.
1233 2680 1537 2747 Refutare
1592 2698 1718 2747 non
1776 2681 1982 2764 possit
2039 2681 2157 2747 sub
2213 2698 2382 2763 pena
2436 2683 2809 2747 ducatorum
2854 2680 2976 2746 OC.

638 2782 1053 2866 Respondeat
1108 2784 1325 2849 statim
1377 2783 1479 2849 vel
1526 2801 1667 2849 cras
1712 2782 1797 2849 ad
1840 2783 2088 2849 tertias.
2180 2782 2498 2849 Teneatur
2539 2781 2838 2849 recedere
2877 2781 2974 2847 in-

639 2885 739 2951 fra
778 2886 1021 2971 diesssx
1062 2886 1147 2953 ad
1188 2886 1457 2968 longius,
1500 2886 1694 2952 vadat
1746 2903 1888 2953 cum
1947 2884 2348 2969 presentibus
2393 2884 2594 2967 galeis
2640 2881 2804 2949 Culfi
2849 2900 2974 2963 que

639 2991 853 3054 tamen
892 2993 1158 3070 propter
1214 2987 1334 3053 hoc
1393 3005 1521 3052 non
1582 2986 1877 3053 differant
1913 3004 2234 3053 recessum
2278 3005 2474 3052 suum.
2566 2984 2654 3050 Et
2695 2984 2754 3051 si
2787 3001 2968 3050 rece-

642 3088 795 3155 dent
824 3092 973 3155 ante
998 3088 1335 3155 terminum
1362 3088 1732 3170 predictum,
1782 3106 1861 3153 ex
1910 3106 2074 3153 nunc
2118 3092 2372 3169 captum
2415 3088 2519 3165 sit,
2566 3084 2737 3167 quod
2783 3084 2970 3167 Capi-

642 3194 869 3271 taneus
938 3188 1101 3257 Culfi
1158 3189 1477 3255 dimittere
1529 3187 1763 3255 debeat
1804 3188 1867 3253 in
1913 3188 2116 3253 Jadra
2149 3206 2340 3254 unam
2381 3204 2460 3253 ex
2503 3185 2702 3269 galeis
2739 3186 2975 3251 nostris

643 3308 767 3373 que
812 3295 1107 3375 expectet
1154 3290 1491 3356 Oratorem
1540 3296 1826 3355 nostrum
1869 3289 2124 3369 ibidem,
2167 3290 2233 3354 in
2281 3306 2432 3354 casu
2475 3306 2622 3369 quo,
2668 3292 2818 3352 ante
2863 3304 2972 3350 ex-

644 3392 1031 3474 peditionem
1092 3392 1417 3475 galearum
1473 3396 1835 3457 nostrarum
1893 3410 1974 3457 ex
2030 3390 2072 3456 J
2073 3391 2232 3457 adra
2277 3390 2424 3457 illuc
2461 3408 2588 3456 non
2635 3388 2974 3471 attigisset.

642 3493 928 3561 Recedat
966 3492 1112 3559 hinc
1157 3493 1363 3558 dictus
1411 3492 1644 3558 Orator
1689 3511 1829 3557 cum
1885 3510 2015 3557 una
2075 3492 2270 3557 barca
2334 3496 2598 3569 armata,
2665 3508 2789 3571 que
2834 3508 2976 3556 eum

642 3595 889 3661 solicite
934 3594 1245 3660 conducat
1288 3594 1567 3660 Jadram.
1637 3593 1725 3658 Et
1768 3593 1994 3659 deinde
2034 3611 2174 3658 cum
2219 3593 2404 3675 galea
2447 3592 2737 3674 predicta
2781 3591 2978 3656 vadat

644 3695 730 3761 ad
770 3696 1259 3780 repperiendum
1303 3696 1465 3761 alias
1510 3695 1727 3778 galeas
1770 3699 2044 3775 nostras,
2107 3700 2174 3761 et
2217 3695 2562 3761 descendat
2606 3696 2672 3759 in
2717 3698 2975 3771 terram,

646 3798 754 3863 ubi
802 3802 869 3863 et
912 3798 1077 3863 sicut
1118 3797 1341 3863 melius
1382 3797 1595 3862 facere
1638 3814 1829 3879 posse
1874 3796 2136 3876 videbit,
2181 3815 2298 3879 pro
2343 3796 2548 3861 eundo
2593 3794 2678 3859 ad
2717 3811 2975 3875 presen-

642 3901 799 3965 tiam
855 3899 1087 3981 prefati
1141 3898 1541 3965 Serenissimi
1600 3898 1814 3981 RegiS.
1903 3897 2159 3963 Habeat
2208 3896 2374 3963 idem
2421 3894 2656 3960 Orator
2695 3912 2814 3976 pro
2853 3895 2979 3959 ista

645 4001 963 4083 legatione
993 4001 1257 4067 ducatos
1300 3998 1485 4065 111101
1514 4000 1694 4085 (400)
1728 3999 1867 4065 auri
1899 3998 2086 4078 dono,
2136 3998 2244 4078 qui
2273 3998 2401 4062 sint
2429 3995 2668 4061 exclusi
2699 3993 2777 4061 ab
2810 3995 2978 4060 omni

644 4103 907 4186 angaria
950 4106 1016 4167 et
1062 4103 1116 4168 si
1162 4103 1427 4167 daretur
1468 4101 1587 4168 sibi
1632 4102 1711 4167 ob
1749 4100 1870 4166 hoc
1901 4099 2160 4181 aliquod
2198 4096 2734 4180 impedimentum,
2777 4095 2976 4161 domi-

642 4204 817 4269 nium
881 4208 1168 4270 nostrum
1234 4204 1445 4269 solvat
1501 4204 1581 4269 de
1640 4220 1775 4268 suo.
1862 4202 2077 4267 Ducat
2121 4200 2265 4266 hinc
2301 4218 2516 4265 secum
2557 4215 2750 4264 unum
2793 4202 2976 4262 nota-

642 4304 807 4371 rium
848 4324 987 4372 cum
1030 4323 1156 4371 uno
1199 4304 1455 4384 famulo,
1496 4309 1563 4370 et
1605 4309 1737 4370 tres
1783 4302 2168 4382 domicellos,
2230 4318 2424 4366 unum
2473 4302 2973 4382 expensatorem‚

643 4424 835 4485 unum
882 4407 1143 4484 coelium
1185 4413 1251 4472 et
1292 4425 1483 4483 unum
1528 4406 1956 4497 interpretem.
2019 4404 2107 4471 Et
2151 4420 2292 4479 cum
2320 4400 2721 4469 descenderit
2749 4400 2814 4469 in
2844 4403 2975 4475 ter·
