3793 5187
1783 512 1869 576 43

1682 784 1984 860 XVIII.

1387 922 1731 991 mccccxn.
1774 921 1871 991 die
1916 923 2074 991 XXV.
2121 922 2285 989 lunii.

1073 1024 1292 1109 Capta.

1218 1129 1485 1195 Domino
1528 1129 1683 1213 Regi
1727 1128 1999 1196 Polonie.

870 1231 988 1297 Per
1030 1233 1301 1299 reditum
1363 1232 1667 1298 nobilium
1722 1238 2043 1299 oratorum
2100 1236 2453 1298 nostrorum
2512 1250 2711 1315 nuper
2767 1252 2808 1300 a
2861 1250 3000 1315 pre-

666 1333 867 1400 sentia
909 1334 1136 1401 Vestre
1172 1335 1525 1402 Maiestatis
1576 1335 1987 1416 redeuntium,
2044 1334 2274 1402 fuimus
2321 1335 2624 1401 latissime
2662 1334 2999 1416 informati,

673 1442 977 1518 quantum
1021 1437 1302 1522 benigne,
1354 1442 1778 1522 quantumque
1824 1437 2132 1504 laboriose
2173 1442 2385 1504 vestra
2427 1436 2760 1518 Serenitas,
2809 1438 3002 1503 veluti

672 1540 857 1606 avida
899 1541 1379 1624 tranquillitatis
1423 1544 1489 1606 et
1530 1541 1701 1623 pacis
1742 1559 1856 1624 pro
1901 1541 2238 1606 universali
2280 1540 2441 1606 bono
2472 1540 2666 1606 totius
2699 1539 3002 1608 Christia-

672 1643 892 1709 nitatis
951 1648 1017 1710 et
1074 1662 1188 1726 pro
1245 1643 1600 1710 confusione
1651 1643 2010 1724 infidelium,
2071 1644 2152 1708 ad
2195 1655 2459 1726 quorum
2501 1643 2748 1708 ruinam
2791 1662 3002 1710 omnes

676 1746 1029 1812 christicole
1054 1746 1313 1829 vigilare
1356 1745 1669 1826 deberent,
1719 1751 1978 1828 operata
2012 1746 2202 1812 fuerit
2239 1746 2443 1829 regias
2471 1751 2681 1828 partes
2710 1765 2857 1812 suas
2887 1766 3001 1830 pro

672 1867 827 1931 pace
870 1850 1157 1931 ponenda
1198 1849 1364 1915 inter
1408 1849 1882 1916 Serenissimum
1924 1849 2242 1915 dominum
2279 1848 2738 1932 sigismundum
2775 1850 3001 1915 Roma-

669 1970 891 2017 norum
934 1958 1000 2018 et
1044 1952 1365 2036 Hungarie
1409 1952 1658 2036 Regem,
1706 1958 1772 2018 et
1814 1957 2097 2018 nostrum
2141 1952 2498 2032 dominium,
2559 1971 2679 2034 que
2721 1971 2845 2034 pax
2887 1971 3001 2035 pro

675 2055 951 2137 presenti
995 2062 1251 2138 propter
1291 2074 1547 2138 magnas
1604 2055 1938 2138 petitiones
1979 2055 2131 2122 dicti
2175 2054 2561 2122 Serenissimi
2605 2055 2838 2120 domini
2880 2055 3001 2121 Re-

668 2159 763 2242 gis
811 2158 1208 2242 Sigismundi‚
1255 2159 1709 2225 conclusionem
1752 2177 1940 2241 quam
1982 2162 2264 2225 nostrum
2307 2158 2647 2224 dominium
2690 2157 3000 2240 sperabat,

668 2265 735 2326 et
776 2280 899 2343 que
959 2262 1080 2328 toti
1143 2261 1607 2327 christianitati
1666 2261 1841 2326 utilis
1878 2267 1945 2328 et
1986 2260 2264 2343 proficua
2307 2259 2542 2341 fuisset,
2601 2261 2831 2327 habere
2877 2280 3001 2327 non

672 2365 905 2447 potuit,
951 2365 1117 2447 quod
1160 2382 1285 2429 non
1322 2362 1565 2430 defectu
1607 2367 1822 2429 nostro
1866 2363 2185 2446 processit,
2248 2363 2398 2445 quia
2438 2363 2757 2430 imitantes
2799 2383 3002 2432 mores

670 2468 1138 2550 progenitorum
1189 2473 1545 2532 nostrorum
1600 2485 1844 2549 semper
1888 2467 2240 2549 optavimus
2282 2485 2498 2549 pacem
2541 2467 2734 2550 sequi,
2790 2473 2855 2534 et
2891 2487 3000 2550 pa-

670 2570 911 2638 cificum
950 2589 1025 2637 ac
1061 2571 1349 2637 naturale
1397 2571 1785 2655 propositum
1829 2574 2111 2636 nostrum
2156 2573 2504 2653 sequentes,
2551 2589 2588 2636 a
2629 2570 2730 2635 via
2772 2570 3000 2653 quietis

669 2678 734 2741 et
786 2674 960 2757 pacis
1002 2692 1323 2756 nunquam
1360 2673 1759 2740 deviabimus.
1849 2673 2225 2739 Retulerunt
2285 2674 2474 2739 etiam
2525 2672 3001 2740 ambassiatores

675 2777 943 2860 predicti
985 2781 1288 2860 quantum
1332 2776 1665 2843 honorifice
1700 2780 1912 2843 vestra
1939 2775 2239 2841 Maiestas
2283 2793 2388 2841 eos
2429 2774 2586 2841 vidit
2627 2780 2694 2841 et
2733 2776 3004 2859 gratiose

673 2880 991 2961 tractavit,
1035 2899 1149 2963 pro
1178 2879 1402 2963 quibus
1427 2881 1571 2947 illas
1598 2898 1784 2964 quam
1813 2878 2162 2946 devotiores
2189 2878 2464 2944 actiones
2491 2878 2833 2961 gratiarum
2860 2897 3003 2961 pos-

673 3000 906 3062 sumus,
971 2980 1307 3049 Serenitati
1364 2988 1570 3049 vestre
1632 2981 1976 3064 referimus,
2039 2980 2367 3047 offerentes
2429 2998 2541 3046 nos
2599 2986 3004 3065 nostrumque

676 3084 1014 3152 dominium
1058 3086 1139 3151 ad
1176 3103 1253 3151 ea
1295 3104 1415 3168 que
1457 3086 1586 3153 sint
1640 3085 1893 3153 honoris
1937 3090 2004 3153 et
2046 3084 2444 3155 exaltationis
2500 3084 2850 3151 Maiestatis
2898 3104 3002 3152 ve-

670 3192 825 3269 stre,
864 3188 1084 3255 devote
1126 3192 1399 3272 paratos,

974 3289 1069 3356 De
1110 3296 1291 3373 parte
1422 3293 1511 3357 44
1550 3326 1635 3337 —
1680 3293 1780 3357 66.

972 3392 1069 3459 De
1110 3412 1237 3459 non
1427 3398 1527 3461 22.

970 3494 1115 3561 Non
1161 3495 1386 3563 sinceri
1474 3502 1513 3562 9
1555 3534 1642 3545 --
1685 3500 1781 3563 13.

1094 3612 1360 3683 (Archwio
1396 3614 1455 3669 di
1486 3613 1641 3671 Scato
1675 3614 1729 3669 in
1775 3613 2010 3684 Venetia,

733 3695 1174 3755 Deliberazioni
1215 3698 1439 3757 Senato
1478 3700 1734 3768 Secreto,
1769 3698 1922 3770 Reg.
1957 3702 2006 3768 5,
2044 3703 2208 3755 carte
2243 3698 2350 3769 36.)

1723 4006 1950 4084 XIX.

1306 4145 1742 4218 mccccxvnn.
1786 4144 1883 4213 die
1924 4146 2056 4214 xm.
2099 4145 2357 4231 Augusti.

808 4313 1261 4485 CSeglhIltossus
1303 4314 1568 4399 Marino,
1626 4334 1728 4382 ser
1770 4314 2055 4387 Marinus
2098 4313 2434 4386 Karavello
2488 4331 2654 4403 proc.
2667 4361 2686 4398 ,
2745 4310 3002 4399 Sapien-

666 4420 763 4485 tes
862 4436 943 4485 on
979 4418 993 4431 “
