3793 5187
1777 609 1899 674 171

649 808 1034 876 beatitudine
1075 813 1394 879 antedicta
1437 813 1822 879 Excellentie
1866 831 1978 879 sue
2021 813 2350 879 subveniat
2417 815 2630 896 sicque
2676 814 2999 879 Sanctita--

648 917 776 978 tem
817 913 1018 995 ipsam
1063 914 1369 980 facturam
1411 934 1535 980 non
1591 915 1963 981 dubitamus,
2047 913 2204 981 Esto
2268 916 2461 998 igitur
2523 917 2688 982 bono
2732 923 2797 982 et
2841 937 2988 982 con·

651 1017 844 1081 stanti
908 1018 1092 1082 corde
1143 1023 1208 1082 et
1264 1018 1726 1100 magnanimum
1785 1024 1992 1106 servet
2031 1019 2419 1102 propositum
2478 1024 2543 1084 et
2600 1019 2993 1084 voluntatem·

650 1125 868 1184 contra
909 1119 1245 1201 inimicum,
1291 1122 1584 1203 quoniam
1625 1122 1691 1186 in
1735 1122 1866 1187 dies
1908 1123 2107 1204 magis
2152 1126 2359 1187 status
2404 1127 2468 1186 et
2521 1122 2721 1203 gloria
2765 1121 2987 1204 ampli·

648 1221 936 1288 ficabitur
977 1241 1108 1287 sua.
1154 1221 1241 1286 Et
1282 1239 1396 1286 nos
1433 1241 1548 1304 pro
1589 1227 1808 1289 nostra
1848 1224 2032 1304 virili,
2065 1221 2252 1290 rebus
2280 1223 2625 1289 favebimus
2656 1224 2985 1290 Excellen-

647 1325 736 1390 tie
775 1343 884 1391 sue
926 1326 1381 1392 studiosissime
1423 1333 1489 1392 et
1530 1326 1854 1394 indefesse.
1921 1327 2014 1392 Tu
2057 1328 2411 1393 huiusmodi
2456 1334 2669 1409 partes
2714 1327 2978 1409 amplifi-

649 1433 789 1494 cato
861 1429 1114 1509 optimis
1179 1429 1405 1509 verbiS,
1473 1435 1537 1495 et
1603 1431 1851 1496 assidue
1916 1430 2171 1496 scribito
2236 1449 2609 1514 quecunque
2677 1431 2758 1496 de
2814 1450 2975 1497 novo

648 1533 1030 1598 emerserint.
1113 1531 1237 1598 Sed
1285 1533 1578 1613 quoniam
1621 1551 1864 1616 semper
1920 1534 2229 1599 manendo
2294 1535 2553 1600 zuzanie
2596 1533 2695 1598 vel
2737 1534 2803 1597 in
2844 1553 2989 1617 pro-

646 1634 829 1700 ximis
868 1635 1019 1700 locis
1063 1635 1226 1700 male
1267 1637 1503 1716 poteris
1541 1653 1616 1700 ea
1659 1635 1879 1715 facere,
1927 1653 2049 1716 que
2093 1628 2447 1701 necessaria
2490 1640 2657 1716 sunt,
2691 1643 2756 1702 et
2797 1657 2988 1719 nego-

645 1738 738 1802 tia
778 1738 892 1802 illa
933 1756 1010 1803 ex
1051 1738 1270 1803 auditu
1333 1739 1660 1804 dumtaxat
1721 1738 2074 1820 intelligere
2132 1739 2240 1820 qui
2308 1745 2407 1804 est
2474 1740 2611 1806 visu
2664 1742 2979 1808 incertior:

643 1844 976 1922 propterea
1033 1839 1242 1905 confer
1299 1845 1364 1906 te
1407 1841 1489 1906 ad
1533 1840 1643 1905 illa
1699 1841 1838 1906 loca
1898 1840 2002 1906 ubi
2066 1841 2314 1906 assidue
2374 1859 2513 1906 cum
2572 1845 2787 1909 eodem
2828 1844 2982 1908 111ῐιω

645 1941 902 2008 Stefano
943 1961 1078 2008 esse
1121 1943 1343 2025 possiS,
1401 1945 1564 2009 sicut
1627 1962 1739 2025 per
1790 1948 1967 2008 tuam
2030 1945 2527 2011 commissionem
2566 1951 2631 2011 et
2672 1964 2785 2028 per
2826 1946 2991 2013 alias

644 2051 892 2112 nostras
933 2046 1149 2111 literas
1193 2046 1310 2111 tibi
1353 2047 1732 2112 iniunximus
1775 2052 1842 2112 et
1885 2046 2345 2128 replicavimus.

848 2164 1006 2231 Rem
1048 2166 1222 2231 illam
1265 2167 1666 2231 Tartarorum
1711 2184 1840 2231 non
1890 2165 2165 2248 perfecte
2209 2167 2650 2250 intelleximus,
2694 2170 2803 2234 sed
2848 2189 2989 2252 pre-

645 2269 878 2350 sertim,
925 2289 1192 2352 quenam
1251 2271 1360 2335 illa
1402 2271 1686 2352 potentia
1745 2271 1830 2335 sit
1872 2271 2082 2352 magni
2126 2270 2367 2335 scilicet
2426 2270 2833 2352 Imperatoris
2902 2291 2984 2338 an

641 2372 831 2450 illius,
875 2372 981 2454 qui
1025 2373 1192 2438 circa
1239 2371 1476 2437 Caffam
1518 2373 1826 2455 imperare
1869 2374 2209 2451 consuevit,
2270 2377 2337 2437 et
2395 2375 2703 2454 quomodo
2776 2393 2843 2440 se
2885 2375 2982 2439 in-

645 2475 874 2558 telligit
917 2493 1055 2540 cum
1095 2475 1351 2541 Stefano
1390 2476 1710 2556 Vayvoda,
1748 2475 1848 2540 cui
1891 2495 2056 2541 anno
2101 2475 2411 2557 superiori
2454 2482 2603 2540 sunt
2652 2475 2983 2556 adversati,

643 2582 710 2645 et
752 2585 1084 2662 propterea
1124 2599 1257 2645 rem
1303 2579 1474 2645 illam
1517 2583 1588 2644 tu
1631 2579 1880 2660 penitus
1948 2596 2321 2661 cognoscere
2378 2582 2734 2661 procurate,
2780 2584 2847 2645 et
2890 2579 2983 2644 di-

641 2682 1030 2748 stinctiorem
1073 2682 1251 2748 nobis
1293 2683 1441 2748 dato
1487 2682 1806 2761 noticiam,
1876 2681 2322 2763 declaratoque
2392 2681 2562 2745 ultra
2614 2681 2973 2763 dispositio-

639 2803 803 2867 nem,
850 2804 1064 2851 eorum
1107 2804 1431 2851 numerum
1472 2787 1662 2852 etiam
1705 2790 1770 2851 et
1811 2789 2037 2863 cetera,
2077 2802 2359 2866 quasque
2388 2784 2778 2850 conditiones
2826 2804 2977 2850 suas

640 2893 714 2954 ut
755 2890 906 2972 quid
949 2890 1016 2953 in
1057 2906 1127 2953 re
1167 2887 1277 2953 illa
1321 2889 1694 2971 sperandum
1739 2888 1822 2952 sit
1863 2886 2213 2969 intelligere
2256 2887 2600 2958 valeamus,

843 3008 1219 3075 Remisimus
1272 3008 1525 3074 Oratori
1565 3011 1780 3073 nostro
1845 3008 1912 3072 in
1958 3008 2284 3089 Hungaria
2347 2995 2607 3073 ducatos
2672 3008 2974 3073 ducentos

639 3112 778 3177 auri
825 3113 891 3177 in
935 3117 1114 3177 tuum
1158 3130 1404 3192 nomen,
1450 3116 1521 3177 ut
1574 3130 1685 3193 per
1729 3112 1995 3177 eundem
2058 3116 2340 3175 nostrum
2400 3114 2712 3175 oratorem
2756 3110 2969 3174 remit-

639 3216 859 3280 tantur
901 3216 982 3280 ad
1023 3221 1090 3281 te
1132 3234 1244 3298 pro
1285 3215 1411 3279 tuis
1453 3214 1749 3295 impensis
1795 3232 1935 3279 cum
1979 3214 2205 3279 stricta
2268 3211 2664 3295 impositione
2707 3216 2779 3277 ut
2815 3212 2975 3277 cele-

639 3316 794 3382 riter
829 3317 970 3383 illos
1013 3320 1316 3395 remittat,
1362 3322 1429 3382 et
1493 3316 1730 3381 nullam
1795 3317 2045 3399 penitus
2104 3320 2347 3399 partem
2404 3316 2706 3391 retineat3
2772 3315 2986 3397 sicque

637 3437 764 3484 non
808 3419 1165 3486 dubitamus
1209 3419 1470 3485 eundem
1530 3423 1846 3485 oratorem
1908 3418 2222 3485 facturum
2264 3436 2422 3498 esse,
2490 3424 2556 3484 et
2598 3422 2668 3483 tu
2726 3418 2781 3483 si
2824 3416 2985 3483 forte

639 3524 953 3589 tardasset
997 3541 1074 3588 ex
1117 3522 1332 3605 aliqua
1373 3520 1745 3589 difficultate
1787 3541 2057 3605 procura
2098 3522 2244 3588 illos
2287 3520 2540 3588 habere.

843 3642 1080 3707 Datum
1121 3642 1222 3708 die
1257 3642 1394 3708 XV.
1441 3642 1718 3708 Ianuarii
1769 3643 1951 3707 1476.

980 3794 1242 3865 (Archivio
1276 3795 1334 3850 di
1367 3794 1520 3851 Staio
1554 3796 1610 3850 in
1657 3794 1918 3861 Venezia).

705 3878 1136 3936 Deliberazioni
1173 3880 1386 3937 Senato
1421 3880 1652 3948 Seni-eti,
1687 3897 1806 3951 reg.
1843 3881 1912 3935 27
1950 3896 1994 3933 c.
2034 3880 2137 3937 123
2172 3886 2215 3936 t.
