3793 5187
1852 465 1935 526 39

725 663 1105 746 compositor
1146 670 1357 749 potest
1400 665 1817 734 amicabiliter
1866 666 2090 732 ducere
2140 669 2353 748 partes
2409 667 2491 732 ad
2535 667 2945 748 concordium,
3000 672 3065 734 et

726 766 997 848 quietem
1014 819 1029 850 ‚
1090 773 1389 853 tanquam
1452 770 1946 854 sapientissimus
2002 774 2067 836 et
2128 769 2444 835 virtuosus
2511 771 2816 854 princeps
2903 772 3064 838 Item

724 875 1031 938 assertum
1079 878 1176 940 oet
1228 875 1409 942 nobis
1467 875 1783 941 dominum
1832 873 2065 955 Regem
2108 871 2361 938 Polonie
2415 872 2645 939 dixisse
2684 873 2842 956 Regi
2886 874 3063 941 Hun-

722 973 914 1056 garie‚
983 977 1147 1058 quod
1205 978 1338 1045 eius
1390 979 1674 1060 intentio,
1726 977 1807 1044 ob
1849 977 2012 1045 hanc
2053 995 2340 1061 guerram
2383 983 2661 1044 nostram
2704 980 3055 1062 impeditur,

725 1095 847 1158 que
894 1079 1027 1146 eius
1084 1080 1351 1148 intentio
1394 1087 1560 1150 esset
1615 1080 1970 1167 guerrizare
2027 1085 2247 1146 contra
2304 1079 2601 1163 infideles,
2655 1086 2722 1147 et
2777 1083 2898 1150 nisi
2951 1082 3063 1150 fiat

728 1197 851 1262 pax
882 1179 1219 1266 nobiscum,
1244 1185 1407 1252 male
1437 1190 1656 1252 eontra
1683 1185 1961 1252 infideles
1989 1189 2203 1268 posset
2231 1184 2468 1268 aliquid
2498 1184 2779 1268 obtineri,
2808 1190 3064 1270 propter

727 1285 1076 1364 potentiam
1112 1293 1389 1354 nostram
1433 1289 1823 1354 maritimam.
1901 1287 2062 1354 Item
2098 1288 2263 1370 quod
2304 1287 2592 1355 dominus
2633 1289 2768 1354 Rex
2809 1290 3064 1356 Polonie

726 1389 1042 1470 promittit
1098 1394 1393 1470 tractare,
1453 1395 1518 1457 et
1572 1391 1775 1458 facere
1821 1410 2037 1475 pacem
2083 1409 2223 1457 oum
2265 1391 2498 1458 honore
2540 1393 2739 1458 nostri
2782 1393 3056 1464 dominii·

722 1489 872 1556 Ideo
918 1494 1085 1575 quod
1129 1492 1287 1560 fiant
1325 1494 1659 1577 petitiones
1701 1494 1949 1561 domino
1991 1494 2168 1578 Regi,
2213 1498 2280 1560 et
2318 1512 2446 1559 non
2473 1498 2606 1560 tam
2645 1495 2769 1560 cito
2799 1496 3061 1578 promis-

729 1593 933 1661 siones
959 1597 1333 1678 pecuniarie,
1380 1602 1446 1663 et
1484 1598 1649 1680 quod
1679 1596 2162 1679 contentabitur,
2208 1601 2283 1662 ut
2309 1596 2648 1663 habeamus
2673 1598 3058 1681 Tragurium,

726 1703 792 1764 et
834 1697 1204 1765 Sibenicum.
1294 1699 1381 1765 Et
1424 1701 1586 1766 sicut
1642 1719 1754 1783 per
1815 1700 1973 1766 alias
2031 1719 2140 1766 vos
2201 1700 2666 1767 informavimus
2709 1701 2788 1766 de
2831 1700 3063 1784 signifi-

724 1802 879 1869 catis
937 1802 1124 1868 nobis
1180 1821 1290 1885 per
1334 1802 1790 1869 ambaxiatores
1832 1806 2081 1869 nostros
2123 1803 2202 1869 de
2244 1805 2444 1869 Roma
2485 1803 2834 1885 habuimus,
2894 1805 3061 1886 quod

726 1905 1011 1972 dominus
1050 1907 1185 1974 Rex
1214 1907 1538 1991 Hungarie
1567 1911 2037 1974 contentaretur
2064 1899 2242 1974 nobis
2273 1907 2586 1973 dimittere
2617 1912 2817 1974 terras
2848 1925 3062 1974 omnes

724 2008 1055 2091 Dalmatio,
1101 2009 1304 2077 facere
1350 2011 1775 2078 remissionem
1836 2011 2202 2077 ducatorum
2246 2011 2430 2092 VII¹¹¹‚
2485 2011 2816 2076 restituere
2858 2016 3060 2077 terras

727 2109 970 2179 ablatas
1014 2112 1214 2184 nobis.
1263 2118 1329 2179 et
1370 2113 1734 2180 confirmare
1775 2113 1955 2180 nobis
1998 2117 2200 2180 terras
2243 2115 2624 2197 pertinentes
2667 2114 2933 2196 Imperio
2978 2113 3061 2180 si-

734 2221 842 2282 cut
882 2235 992 2282 vos
1036 2215 1503 2283 informavimus
1545 2217 1732 2282 etiam
1776 2236 1887 2300 per
1925 2217 2272 2299 duplicatas
2301 2218 2517 2283 literas
2544 2221 2807 2296 nost-ras,
2853 2217 3062 2283 omnia

725 2319 1013 2402 predicta
1059 2339 1172 2403 pro
1214 2338 1455 2386 summa
1498 2321 1865 2386 ducatorum
1911 2317 2060 2385 CC¹¹¹
2100 2321 2266 2402 quod
2309 2319 2720 2385 concordatur
2755 2339 2896 2387 cum
2924 2339 3060 2385 ver-

723 2420 821 2488 bis
863 2423 1053 2506 Regis
1098 2423 1371 2504 Polonie‚
1419 2424 1527 2507 qui
1569 2422 1862 2506 apparuit
1903 2441 2222 2488 remanere
2265 2427 2611 2503 contentuS,
2658 2423 2824 2506 quod
2860 2441 3060 2489 rema-

723 2525 1017 2592 nentibus
1061 2525 1241 2592 nobis
1287 2526 1472 2592 terris
1515 2525 1845 2608 Dalmatie,
1892 2525 2277 2591 restituendo
2317 2525 2496 2592 nobis
2533 2529 2736 2592 terras
2778 2526 3058 2609 amissas»,

727 2632 793 2693 et
821 2628 1200 2695 confirmatis
1232 2631 1414 2696 terris
1442 2630 1715 2714 Imperii,
1760 2629 1970 2696 omnia
2011 2627 2126 2695 hec
2167 2627 2304 2695 fieri
2346 2635 2601 2711 possent
2642 2648 2754 2712 pro
2798 2630 3061 2712 promis-

726 2730 901 2797 sione
945 2732 1359 2799 denariorum.
1450 2734 1770 2800 Postremo
1827 2730 2180 2798 recordavit
2233 2730 2415 2797 nobis
2466 2730 2764 2813 magister
2805 2731 3055 2811 Paulua

726 2838 800 2900 ut
842 2853 967 2901 non
1012 2836 1298 2919 capiatur
1339 2835 1554 2919 aliqua
1596 2834 1972 2901 confidentia
2013 2835 2092 2901 de
2134 2833 2382 2899 domino
2429 2832 2746 2900 Cardinali
2788 2832 3057 2915 Brande‚

728 2938 881 3019 quia
920 2938 1168 3004 videtur
1210 2940 1277 3005 in
1318 2938 1491 3005 nullo
1548 2938 1805 3022 diligere
1860 2936 2203 3002 dominium
2252 2940 2556 3018 nostrum,
2621 2936 2730 3001 sed
2773 2936 2940 3018 quod
2982 2936 3061 3002 de

729 3038 1120 3107 Cancellario
1162 3040 1349 3125 Regis
1390 3041 1666 3123 Polonie,
1706 3040 1815 3123 qui
1852 3040 2100 3107 videtur
2127 3039 2396 3105 multum
2425 3039 2784 3123 disposituS,
2831 3040 2912 3104 ad
2949 3038 3059 3105 ho-

726 3161 909 3210 nores
956 3148 1021 3210 et
1063 3144 1320 3211 comoda
1360 3148 1579 3211 nostra
1604 3147 1815 3229 potest
1844 3141 1983 3225 capi
2012 3142 2250 3224 optima
2279 3139 2672 3208 confidentia.
2731 3140 2866 3207 Hec
2895 3142 3059 3207 enim

729 3248 810 3313 ad
854 3247 1187 3314 cautellam
1228 3247 1611 3330 providimus
1653 3252 1727 3314 ut
1768 3250 1867 3313 est
1903 3245 2141 3312 dictum
2181 3242 2358 3311 vobis
2401 3244 2693 3311 distincte
2719 3243 3058 3326 notificare,

722 3368 836 3434 pro
891 3349 1317 3417 advisamento
1383 3356 1449 3418 et
1499 3349 1938 3417 informatione
1978 3354 2204 3430 vestra,
2265 3352 2330 3415 et
2380 3352 2455 3414 ut
2509 3366 2624 3431 pro
2665 3347 2895 3415 maiori
2937 3348 3062 3414 cla-

724 3452 933 3535 ritate,
976 3459 1043 3519 et
1094 3452 1409 3520 evidentia
1447 3452 1884 3536 predictorum,
1946 3452 2201 3536 possitis
2245 3450 2465 3533 exequi
2505 3450 2768 3517 formam
2809 3455 2874 3517 et
2917 3468 3061 3516 con-

726 3555 1059 3622 tinentiam
1103 3555 1531 3623 conmissionis
1572 3560 1796 3637 vestre,
1858 3556 2211 3622 mandando
2271 3558 2580 3638 quatenus
2635 3554 2769 3620 tam
2811 3554 3061 3620 nomine

723 3656 1151 3726 informatoris
1193 3658 1621 3744 suprascripti,
1667 3674 1855 3742 quam
1901 3658 2026 3725 alia
2068 3661 2280 3725 tenere
2321 3654 2604 3723 debeatis
2645 3656 3062 3725 secretissima

724 3780 911 3845 penes
954 3780 1084 3830 vos.

1028 3864 1124 3931 De
1166 3867 1349 3948 parte
1468 3864 1571 3931 83.

1030 3968 1127 4035 De
1167 3986 1294 4036 non
1514 3971 1573 4033 3.

1032 4070 1178 4137 Non
1221 4069 1447 4139 sinceri
1507 4073 1570 4137 4.

1132 4189 1398 4261 (Arc-bivio
1431 4188 1491 4245 da·
1523 4187 1679 4245 Scato
1712 4188 1769 4243 in
1814 4186 2052 4257 Verania,

793 4274 1236 4333 Deliberazioni
1270 4274 1490 4333 Senato
1528 4274 1784 4343 Secreta,
1818 4272 1970 4345 Reg.
2006 4271 2055 4342 5,
2093 4275 2257 4330 carte
2291 4272 2400 4350 23.)
