3793 5187
1715 688 1835 754 197

596 893 758 960 riam
799 892 1196 961 Maiestatem
1238 898 1307 960 et
1347 909 1532 976 reges
1559 890 1828 958 Polonie
1869 895 2067 975 atque
2097 891 2357 960 Boemie
2401 911 2544 960 cum
2588 911 2737 978 rege
2763 893 2944 962 Hun-

594 994 772 1079 garie
813 1001 1109 1063 secutura
1151 1001 1249 1063 est
1288 993 1552 1062 velimus
1590 998 1664 1061 ut
1697 994 1914 1078 potius
1960 1011 2041 1060 ea
2080 992 2199 1061 fiat
2230 995 2684 1063 interveniente
2718 995 2941 1078 aliqua

595 1101 820 1165 nostra
865 1115 1064 1182 opera
1104 1103 1172 1166 et
1218 1097 1690 1179 intercessione,
1757 1113 1952 1179 quam
2008 1096 2147 1163 sine
2212 1113 2312 1178 ea,
2382 1103 2451 1164 et
2514 1100 2687 1181 quod
2750 1099 2937 1166 nobis

599 1201 934 1269 conciliare
977 1217 1314 1284 queramus
1371 1197 1724 1266 amiciciam
1788 1204 1858 1266 et
1918 1197 2401 1283 intelligentiam
2464 1199 2747 1283 aliquam
2788 1219 2933 1269 cum

597 1302 885 1388 predicto
928 1301 1321 1386 Imperatore
1361 1307 1430 1369 et
1469 1301 1714 1368 duobus
1751 1299 2033 1384 regibus,
2105 1319 2251 1369 cum
2319 1302 2551 1384 quibus
2616 1304 2940 1372 coniuncti

600 1411 925 1487 tamqnam
979 1411 1289 1489 perpetuo
1347 1421 1552 1486 usque
1594 1403 1664 1470 in
1705 1402 2037 1470 Poloniam
2096 1421 2297 1486 muro,
2364 1404 2599 1474 erimus
2640 1404 2724 1473 ab
2768 1407 2938 1473 omni

459 1577 464 1582 .
601 1507 884 1592 periculo
929 1509 1180 1576 interno
1221 1507 1489 1576 tutiores
1551 1510 1620 1574 et
1685 1510 1909 1574 contra
1950 1504 2269 1574 Tarchum
2310 1506 2750 1590 robustiores3
2792 1526 2953 1591 qno·-

603 1610 772 1678 niam
816 1611 1182 1694 compositis
1224 1611 1410 1678 rebus
1477 1629 1618 1676 curn
1685 1625 1839 1690 rege
1900 1607 2235 1690 Hungarie
2298 1607 2489 1676 facile
2531 1627 2749 1679 omnes
2792 1628 2942 1678 con-

605 1718 1005 1780 verterentur
1049 1717 1277 1781 contra
1317 1729 1644 1780 comunem
1683 1711 2023 1777 inimicum.
2070 1710 2212 1777 Hec
2239 1709 2365 1778 fuit
2404 1711 2748 1780 summaria
2795 1729 2943 1778 con-

608 1815 806 1883 clusio
847 1814 1181 1883 verborum
1227 1815 1363 1882 eius
1405 1832 1532 1898 que
1593 1813 1782 1898 plura
1849 1813 2027 1881 fuere
2094 1817 2323 1880 ornata
2364 1818 2432 1880 et
2486 1813 2729 1897 gravia
2820 1813 2953 1880 Sed

606 1918 976 2004 priusquam
1017 1916 1102 1984 ad
1141 1917 1334 1984 istam
1379 1917 1734 1985 devenisset
1775 1921 2051 2000 partem,
2080 1914 2423 1999 plurimum
2466 1915 2753 1984 laudavit
2793 1933 2947 1998 ope-

607 2039 748 2088 ram
788 2021 1060 2087 oratoris
1102 2019 1306 2086 nostri
1348 2022 1684 2104 prestitam
1725 2019 1850 2086 sibi
1891 2019 1962 2086 in
2007 2019 2186 2086 curia
2221 2035 2365 2086 cum
2404 2037 2638 2102 magno
2681 2017 2951 2086 comodo

609 2129 677 2192 et
717 2123 959 2190 honore
1007 2121 1403 2190 serenissimi
1447 2121 1683 2190 domini
1726 2123 1828 2190 sui
1854 2127 1923 2190 et
1948 2138 2217 2206 persone
2260 2139 2397 2201 sue,
2442 2121 2525 2188 ob
2571 2139 2763 2203 quam
2802 2138 2953 2205 gra·

608 2227 736 2294 tias
776 2227 1064 2309 ingentes
1105 2225 1238 2308 egit
1280 2224 1557 2292 dominio
1631 2228 1699 2290 et
1753 2242 1828 2292 se
1888 2223 2103 2290 omnia
2142 2220 2419 2290 fideliter
2460 2223 2810 2290 relaturum
2853 2240 2959 2289 re·

611 2330 717 2412 gie
757 2326 1083 2395 Maiestati
1124 2325 1428 2411 policitus
1468 2334 1604 2394 est:
1651 2325 1774 2394 Cui
1814 2325 2279 2410 respondeatur
2311 2325 2673 2409 incipiendo
2716 2325 2799 2392 ab
2833 2325 2960 2392 hac

613 2448 738 2514 que
779 2429 902 2496 fuit
942 2430 1148 2514 prima
1186 2428 1359 2496 illius
1408 2427 1821 2513 expositionis
1865 2447 2023 2512 pars
2068 2429 2136 2496 in
2178 2426 2346 2495 hunc
2389 2427 2683 2494 modum:

819 2531 1004 2613 Quod
1045 2533 1101 2599 si
1145 2551 1287 2600 eum
1330 2532 1585 2615 quando
1627 2531 1694 2599 in
1739 2531 1981 2599 curiam
2041 2528 2453 2615 proficiscens
2518 2534 2805 2598 nostram
2848 2528 2965 2596 ad-

615 2636 734 2702 ivit
773 2633 1160 2719 presentiam
1203 2634 1503 2701 alacriter
1542 2634 1813 2703 vidimus
1876 2640 1947 2701 et
1986 2633 2359 2715 audivimus,
2426 2638 2493 2700 et
2553 2633 2800 2717 policiti
2836 2632 2959 2699 fui-

617 2756 756 2806 mus
799 2754 1058 2820 operam
1100 2742 1168 2803 et
1209 2736 1728 2805 intercessionem
1766 2740 2054 2803 nostram
2099 2753 2217 2818 per
2258 2736 2537 2803 medium
2578 2735 2782 2803 nostri
2814 2752 2960 2802 ora-

617 2839 778 2907 toris
824 2840 891 2905 in
957 2839 1149 2905 curia.
1233 2838 1336 2905 Ita
1390 2840 1945 2921 impresentiarum
2010 2838 2345 2906 audientes
2409 2839 2583 2920 quod
2648 2844 2955 2921 expertus

619 2942 794 3009 illam
832 2939 1027 3008 fuerit
1069 2940 1436 3023 diligentem
1485 2945 1553 3007 et
1595 2940 1949 3008 studiosam
1993 2940 2302 3007 letamur:
2370 2947 2437 3010 et
2497 2942 2687 3024 longe
2750 2939 2957 3022 magis

619 3044 964 3111 letaremur
1006 3043 1062 3110 si
1104 3041 1227 3109 sibi
1267 3042 1492 3110 maiori
1539 3042 1746 3111 adhuc
1811 3060 1892 3110 ea
1948 3042 2177 3111 fuisset
2214 3044 2451 3110 auxilio
2498 3048 2565 3111 et
2607 3043 2961 3124 commodo,

619 3148 687 3214 in
719 3146 958 3215 cunctis
994 3145 1284 3228 negotiis,
1330 3164 1457 3227 que
1501 3147 1680 3229 regio
1726 3147 1994 3213 nomine
2038 3146 2369 3213 tractavit:
2414 3146 2504 3213 Et
2550 3146 2965 3213 certissimam

620 3251 910 3317 volumus
955 3266 1095 3316 esse
1134 3246 1680 3331 Magnificenciam
1752 3266 1941 3315 suam
2008 3266 2134 3315 non
2191 3248 2479 3331 potuisse
2542 3267 2663 3315 nos
2724 3249 2969 3315 oratori

623 3356 864 3433 nostro,
931 3357 1063 3418 tam
1120 3349 1464 3417 efficaciter
1527 3350 1943 3433 committere,
2015 3368 2223 3434 neque
2264 3350 2405 3434 ipse
2446 3357 2578 3418 tam
2624 3350 2969 3433 diligenter

631 3472 979 3538 procurare
1022 3458 1090 3519 et
1128 3471 1340 3536 agere:
1385 3458 1458 3519 ut
1499 3452 1812 3519 desiderio
1843 3452 2247 3536 gratificandi
2286 3454 2465 3537 regie
2492 3452 2819 3520 Maiestati
2846 3472 2975 3521 non

631 3562 1158 3641 superaverimus:
1205 3559 1270 3621 et
1312 3573 1431 3621 nos
1467 3554 1815 3623 scribentes
1846 3561 1914 3623 et
1940 3556 2339 3639 imponentes
2372 3556 2615 3623 oratori
2658 3561 2726 3621 et
2766 3556 2973 3638 ipsum

629 3659 1030 3727 obedientem
1075 3663 1142 3724 et
1184 3664 1620 3739 exequentem,
1689 3662 1923 3741 gravat
1992 3676 2109 3725 nos
2175 3659 2517 3741 plurimum
2575 3664 2651 3725 ut
2716 3676 2973 3742 compos

634 3768 928 3830 votorum
976 3760 1253 3826 omnium
1292 3760 1475 3842 regia
1518 3758 1886 3827 Sublimitas
1932 3761 2018 3827 ad
2046 3780 2184 3828 eam
2233 3778 2362 3827 non
2404 3760 2660 3841 redeat3
2704 3760 2793 3827 Et
2832 3763 2975 3844 pari

629 3864 820 3931 modo
863 3871 937 3930 ut
980 3862 1238 3947 negotia
1283 3862 1474 3943 curie,
1528 3867 1595 3930 et
1637 3861 1896 3929 illorum
1943 3862 2137 3930 animi
2173 3862 2257 3930 ad
2304 3864 2697 3931 commodum
2763 3882 2976 3931 rerum

634 3966 1118 4033 christianarum
1147 3964 1588 4048 dispositiores
1617 3984 1746 4032 non
1777 3970 1955 4046 sunt3
1999 3965 2089 4032 Et
2129 3966 2195 4032 in
2237 3966 2360 4033 hac
2400 3970 2589 4049 parte
2634 3967 2809 4033 aliud
2848 3986 2977 4034 non

633 4069 914 4137 dicemus
958 4071 1256 4151 quoniam
1297 4072 1510 4135 tacere
1553 4067 1899 4136 officiosius
1949 4072 2015 4134 et
2057 4068 2405 4136 modestius
2465 4087 2609 4137 esse
2651 4070 2973 4137 existima-

631 4190 792 4240 mus.
883 4170 1247 4237 Gratiarum
1311 4176 1528 4237 antem
1589 4169 1754 4238 actio
1820 4177 1921 4238 est
1962 4173 2211 4239 urbana
2256 4172 2477 4255 magis,
2540 4177 2608 4238 et
2668 4173 2980 4241 modestie

633 4294 751 4343 sue
796 4272 1267 4343 convenientior
1325 4290 1515 4354 quam
1584 4274 1979 4356 necessaria3
2047 4275 2164 4342 sed
2228 4275 2395 4342 bene
2450 4274 2813 4358 gratissima
2880 4282 2983 4344 est

637 4378 920 4446 officiosa
956 4374 1292 4460 promissio
1331 4374 1489 4455 eins,
1531 4379 1608 4441 nt
1653 4392 1733 4441 ea
1766 4379 1947 4459 regie
1990 4376 2365 4469 Celsitudin}
2400 4377 2495 4445 ‚de
2540 4393 2758 4444 amore
2794 4378 2859 4444 in
2908 4397 2978 4448 se

637 4486 853 4549 nostro
900 4480 1076 4547 cnltu
1111 4483 1181 4545 et
1223 4478 1434 4545 studio
1477 4478 1880 4561 gratificandi
1925 4480 1987 4549 ei
2028 4477 2268 4547 referat
2326 4497 2335 4568 ἡ
2425 4498 2462 4547 e
2506 4479 2643 4563 ipse
2686 4479 2849 4548 vidit
2916 4489 2985 4548 et

638 4584 960 4668 cognovit:
1007 4580 1095 4647 Et
1139 4598 1281 4647 cnm
1325 4580 1744 4663 explicatione
1783 4581 2142 4650 huiusmodi
2173 4602 2323 4649 reru
2388 4632 2406 4666 ,
2458 4601 2755 4667 rogamus
2787 4584 2983 4651 etiam
