3793 5187
1989 355 2071 421 82

858 554 1043 620 statis
1086 572 1162 621 ac
1206 556 1286 621 de
1329 556 1786 624 deliberatione
1830 576 1956 639 que
1998 557 2128 640 fiet,
2193 564 2261 625 et
2317 558 2458 625 aliis
2503 556 2998 635 occurrentibus,
3061 572 3177 621 nos

856 655 1103 723 solicite
1144 657 1270 723 tuis
1310 658 1515 725 literis
1560 659 1877 727 advisabis
1919 679 2048 727 non
2089 660 2444 728 recedendo
2488 660 2730 742 absque
2769 657 3030 741 speciali
3065 675 3176 748 no-

857 765 989 825 stro
1032 760 1369 826 mandat0.·
1844 828 1853 835 ,

1062 862 1132 928 Si
1171 870 1321 946 post
1360 865 1647 947 apulsum
1692 872 1867 932 tuum
1911 868 1996 933 ad
2039 866 2179 933 illas
2220 872 2438 950 partes
2465 865 2737 931 fortasse
2766 862 3035 931 haberes
3063 878 3178 927 no·-

856 964 1070 1030 ticiam
1114 966 1391 1047 aliquam
1436 968 1606 1049 quod
1648 969 1749 1035 vel
1792 969 2166 1053 Magnificus
2197 970 2422 1037 Comes
2450 968 2764 1035 Mathicus
2792 966 2894 1033 vel
2923 965 3180 1031 Bannus

856 1066 1137 1135 Francus
1182 1069 1319 1135 eius
1362 1069 1563 1135 frater
1603 1071 1922 1153 fecissent,
1976 1077 2089 1138 aut
2129 1071 2340 1138 facere
2383 1072 2638 1151 vellent,
2705 1068 3024 1152 querelam
3067 1066 3181 1133 ali-

860 1187 1047 1251 quam
1094 1171 1282 1253 apud'
1304 1171 1619 1253 prefatum
1668 1174 2150 1242 Serenissimum
2193 1175 2454 1259 Regem,
2498 1180 2610 1241 aut
2649 1192 2766 1258 per
2795 1190 2907 1239 eos
2939 1169 3057 1238 tibi
3087 1169 3182 1234 di-

863 1276 1116 1339 ceretur
1158 1273 1491 1355 quicquam
1534 1276 1613 1343 de
1655 1276 1839 1344 factis
1875 1278 2092 1345 Polize
2123 1283 2188 1344 et
2215 1278 2548 1358 Dalmisse,
2593 1296 2715 1360 que
2751 1276 2912 1354 loca,
2955 1279 3030 1339 ut
3057 1272 3180 1339 scis

863 1374 1088 1440 Comes
1132 1381 1351 1442 noster
1396 1376 1643 1459 Spaleti
1684 1380 1763 1445 de
1797 1380 2084 1447 manibus
2127 1381 2390 1447 Comitis
2435 1378 2674 1446 Stefani
2719 1376 2952 1460 publici
2980 1372 3181 1441 hostis

861 1478 1083 1559 nostri,
1128 1497 1333 1561 nuper
1360 1482 1623 1563 accepit.
1694 1483 1767 1547 Iu
1795 1484 1916 1551 hoc
1947 1502 2096 1550 casu
2139 1484 2448 1563 volumus,
2492 1481 2660 1564 quod
2701 1479 2884 1546 bonis
2929 1482 2996 1543 et
3037 1494 3182 1559 per-

864 1580 1209 1647 tinentibus
1274 1583 1485 1649 verbis
1551 1586 1942 1651 ostendendo
1993 1593 2206 1653 tamen
2249 1605 2288 1653 a
2329 1590 2396 1651 te
2439 1586 2576 1667 ipso
2639 1582 2848 1664 loqui,
2901 1585 2968 1645 et
3014 1577 3186 1660 quod

860 1682 1099 1748 nullum
1140 1702 1181 1748 a
1224 1684 1408 1751 nobis
1452 1686 1691 1753 habeas
1729 1688 2014 1754 ordinem
2077 1706 2268 1771 super
2327 1687 2448 1753 hoc
2491 1686 2694 1753 eidem
2737 1682 2950 1749 comiti
2993 1680 3183 1747 Mati·

864 1786 1026 1865 coni,
1070 1804 1185 1852 seu
1222 1787 1443 1853 Banno
1474 1788 1718 1857 Franco
1750 1790 1957 1857 dicere
2000 1791 2253 1870 debeas,
2299 1790 2470 1872 quod
2512 1786 3022 1870 quodadmodum
3063 1781 3186 1865 ipsi

862 1887 1087 1967 sciunt,
1131 1906 1247 1955 nos
1285 1890 1367 1955 ad
1408 1908 1518 1956 eos
1533 1890 1876 1959 habuimus
1916 1911 2167 1975 semper
2191 1892 2574 1975 singularem
2601 1886 3088 1955 benivolentiam
3119 1888 3187 1949 et

864 2006 1161 2069 amorem,
1229 2009 1415 2073 quem
1455 1994 1742 2075 profecto
1784 1984 2014 2062 nedum
2075 2012 2474 2075 conservare,
2533 1992 2646 2059 sed
2711 1990 2768 2057 si
2829 1988 2974 2072 plus
3037 1984 3184 2051 addi

862 2092 1081 2171 possit,
1128 2110 1365 2175 augere
1406 2095 1812 2177 disponimus.
1868 2098 2177 2180 Quodque
2217 2116 2290 2163 re
2334 2114 2486 2163 vera
2525 2095 2763 2159 nullum
2791 2109 2831 2156 a
2858 2089 3043 2156 nobis
3071 2086 3182 2153 ha-

864 2192 979 2258 bes
1020 2189 1385 2261 mandatum
1422 2198 1486 2262 in
1522 2198 1650 2263 ista
1676 2201 1946 2265 materia
1987 2204 2090 2267 set
2127 2200 2292 2265 bene
2337 2199 2401 2264 in
2443 2213 2700 2262 recessu
2727 2199 2839 2259 tuo
2885 2208 2927 2255 a
2969 2193 3188 2255 nostra

865 2295 1191 2377 presentia
1232 2296 1599 2365 intellexisti
1641 2301 1783 2366 loca
1829 2302 2044 2367 Polize
2087 2307 2154 2367 et
2195 2300 2507 2367 Dalmisse
2549 2296 2743 2363 fuisse
2779 2297 3046 2376 accepta
3072 2309 3186 2373 per

872 2397 1181 2464 Comitem
1249 2398 1492 2482 Spaleti
1550 2404 1629 2467 de
1680 2403 1969 2469 manibus
2011 2402 2248 2485 publici
2289 2402 2492 2468 hostis
2533 2398 2754 2467 nostri.
2823 2394 3186 2463 Advisabis-

866 2516 991 2580 que
1018 2498 1519 2583 Magnificentias
1564 2523 1730 2585 suaS,
1775 2524 1891 2571 nos
1937 2508 2060 2571 iam
2096 2506 2223 2587 diu,
2267 2510 2342 2571 ut
2375 2502 2693 2570 notorium
2723 2505 2840 2580 est,
2884 2497 3081 2565 fixisse
3123 2500 3191 2561 et

866 2620 1007 2668 esse
1048 2602 1115 2668 in
1158 2611 1381 2686 aperto
1440 2606 1607 2673 bello
1655 2627 1793 2674 cum
1834 2607 2078 2676 Gemite
2123 2607 2382 2675 Stefano
2418 2605 2743 2690 Vayvoda,
2809 2603 2917 2685 qui
2959 2597 3189 2666 multas

864 2704 1123 2771 iniurias
1167 2707 1349 2774 nobis
1393 2708 1559 2790 fecit,
1614 2716 1681 2776 et
1718 2712 1881 2778 sicut
1925 2731 2004 2777 ex
2047 2711 2292 2794 guerris
2341 2727 2674 2776 occurrere
2717 2705 2902 2784 solet,
2969 2707 3186 2786 gentes

866 2803 1084 2873 nostre
1144 2818 1527 2892 acceperunt
1585 2813 1663 2879 de
1720 2815 2006 2881 manibus
2065 2815 2216 2880 dicti
2277 2812 2538 2879 Comitis
2581 2808 2824 2876 Stefani
2865 2807 3008 2872 loca
3052 2804 3190 2886 ipsa

863 2908 1075 2974 Polize
1119 2914 1185 2976 et
1226 2911 1559 2995 Dalmisse,
1608 2933 1731 2996 que
1772 2916 1976 2982 credis
2013 2917 2184 2982 iusto
2227 2915 2394 2982 bello
2437 2917 2698 2994 accepta
2724 2910 2939 2977 fuisse.
3003 2907 3188 2973 Gom-

866 3013 1271 3080 memorando
1334 3016 1523 3082 etiam
1587 3017 2070 3100 Magnificentiis
2129 3019 2280 3098 suis,
2347 3017 2517 3098 quod
2561 3013 3011 3081 Serenissimus
3051 3008 3188 3104 Rex

863 3112 1131 3181 Bossine
1166 3134 1367 3199 nuper
1397 3119 1653 3200 electus,
1702 3121 1883 3188 nobis
1929 3122 2229 3205 explicari
2274 3120 2425 3186 fecit
2462 3117 2634 3200 quod
2681 3115 2873 3182 etiam
2915 3114 3054 3196 ipse
3090 3111 3188 3208 ius

863 3218 1187 3297 pretendit
1224 3219 1289 3283 in
1314 3219 1469 3286 locis
1514 3222 1833 3304 predictis,
1879 3224 1978 3290 cui
2025 3223 2469 3289 convenienter
2511 3225 2577 3286 et
2617 3218 2884 3284 honeste
2925 3231 3188 3296 respon-

868 3315 1085 3384 dimus.
1177 3319 1265 3387 Et
1305 3322 1398 3386 ita
1442 3323 1633 3389 etiam
1676 3326 1899 3405 crediS,
1969 3326 2140 3407 quod
2184 3345 2324 3392 cum
2366 3324 2496 3390 suis
2541 3317 3030 3404 Magnificentiis
3075 3332 3189 3380 no-

868 3422 1071 3486 strum
1112 3423 1453 3490 dominium
1497 3427 1695 3494 nollet
1737 3429 1910 3494 aliud
1951 3429 2072 3496 nisi
2113 3434 2412 3510 quantum
2443 3427 2565 3492 iuri
2601 3429 2670 3490 et
2697 3420 3014 3488 honestati
3043 3436 3190 3486 con·-

866 3523 1097 3588 veniat.
1186 3524 1275 3591 Et
1332 3545 1472 3592 cum
1528 3529 1627 3595 his
1685 3517 1753 3595 et
1811 3531 1952 3598 aliis
2010 3531 2194 3598 bonis
2247 3536 2312 3596 et
2363 3529 2668 3596 modestis
2719 3525 2950 3604 verbis,
3009 3519 3190 3588 dabis

868 3643 1123 3707 operam
1171 3627 1553 3697 iustificandi
1596 3638 1663 3699 et
1703 3632 2083 3700 honestandi
2113 3633 2637 3700 intromissionem
2665 3629 2898 3696 factam
2929 3627 3008 3694 de
3035 3625 3192 3691 locis

866 3728 1184 3810 predictis,
1232 3732 1517 3800 volentes
1548 3735 1720 3816 quod
1763 3736 1818 3801 si
1859 3737 1952 3802 ita
1997 3736 2296 3840 expedire
2339 3735 2708 3818 cognoveris
2751 3733 2830 3799 de
2867 3728 3190 3813 premissis

870 3830 1063 3896 etiam
1107 3831 1429 3901 conferras
1490 3845 1630 3904 cum
1687 3817 2232 3905 Reverendissimo
2283 3838 2532 3905 domino
2581 3835 2915 3904 Cardinale
2957 3833 3190 3915 legato,

866 3937 970 4002 vel
1014 3941 1160 4003 ante
1202 3938 1301 4004 vel
1346 3945 1683 4022 postquam
1723 3941 1918 4008 fueris
1957 3960 2095 4008 cum
2138 3942 2440 4023 predictis
2479 3940 2726 4007 Comite
2761 3937 3079 4003 Maticone
3125 3939 3192 4000 et

866 4043 1087 4107 Banno
1118 4042 1361 4110 Franco
1398 4046 1561 4110 sicut
1588 4047 1807 4111 utilius
1836 4047 1954 4112 tibi
1988 4046 2324 4124 videbitur,
2367 4043 2734 4126 accipiendo
2762 4042 3014 4108 favores
3043 4041 3192 4106 suos

866 4151 939 4210 ut
982 4164 1173 4228 super
1215 4147 1335 4214 hoc
1378 4167 1495 4213 sua
1537 4148 2086 4214 Reverendissima
2129 4149 2474 4214 dominatio
2511 4147 2817 4228 loquatur
2859 4150 2926 4211 et
2969 4162 3193 4226 opere-

867 4254 972 4314 tur
1004 4250 1303 4332 quicquid
1336 4252 1487 4317 boni
1528 4253 1769 4335 poterit
1805 4253 1870 4317 in
1913 4251 2420 4319 iustificationem
2451 4269 2640 4318 cause
2668 4255 2906 4317 nostre.
2961 4249 3048 4315 Et
3075 4247 3194 4315 hoc
