3793 5187
1954 479 1994 539 6

817 680 1176 761 dominium,
1225 682 1304 748 de
1333 700 1458 764 qua
1495 681 1694 746 eidem
1737 681 2035 748 immense
2070 683 2397 764 regratiari
2437 683 2663 750 debeas
2706 683 2907 748 nostri
2947 686 3143 762 parte.

753 787 756 790 ’
813 784 913 850 Ad
957 783 1192 850 factum
1235 785 1376 868 lige,
1423 785 1794 867 respondere
1829 784 2074 866 debeaS,
2129 787 2294 868 quod
2352 786 2680 853 videbatur
2720 787 2919 870 nobis,
2981 789 3147 870 quod

814 885 1128 952 Serenitas
1187 905 1303 953 sua
1344 907 1384 951 a
1426 892 1606 970 parte
1667 905 1782 952 sua
1818 887 1981 952 velet
2026 887 2293 970 obstare,
2354 895 2420 954 et
2474 889 2679 956 facere
2720 909 2902 972 posse
2944 909 3145 971 suum,

812 994 1130 1071 tamquam
1189 994 1410 1056 contra
1453 989 1768 1054 inimicum
1815 1009 1995 1056 suum
2043 995 2109 1056 et
2160 997 2461 1072 nostrum,
2504 1011 2584 1057 ne
2628 993 2833 1058 dictus
2875 992 3009 1059 Rex
3054 993 3146 1059 Si-

810 1092 1172 1175 gismondus
1215 1091 1616 1159 descenderet
1657 1093 1738 1164 ad
1777 1093 2203 1175 accipiendum
2254 1113 2543 1160 coronam
2572 1095 2843 1177 Imperii,
2888 1096 3037 1178 quia
3066 1096 3148 1162 si-

817 1198 1051 1264 militer
1091 1214 1206 1262 nos
1249 1213 1289 1260 a
1334 1199 1514 1277 parte
1564 1199 1780 1260 nostra
1823 1194 2160 1277 obstamuS,
2210 1201 2274 1261 et
2316 1196 2567 1262 obstare
2608 1197 2987 1264 intendimus
3037 1217 3149 1280 per

815 1305 1050 1367 terram
1091 1305 1158 1365 et
1197 1317 1310 1380 per
1351 1316 1541 1377 mare,
1587 1315 1665 1362 ne
1709 1295 1990 1363 obtineat
2032 1297 2341 1364 intentum
2384 1318 2585 1380 suum,
2632 1300 2780 1382 quia
2816 1299 2869 1365 si
2898 1300 3147 1366 descen-

811 1405 1005 1483 deret,
1055 1403 1170 1469 hoc
1208 1400 1586 1467 redundaret
1628 1400 1711 1464 ad
1749 1399 2141 1466 incomodum
2184 1407 2251 1466 et
2286 1401 2593 1467 iacturam
2638 1421 2749 1469 sue
2778 1401 3147 1469 Serenitatis

815 1510 880 1571 et
919 1505 1120 1570 nostri
1165 1503 1441 1570 dominii.
1511 1503 1741 1568 Verum
1784 1504 1933 1585 quia
1974 1505 2227 1570 mittere
2270 1505 2335 1570 in
2375 1506 2647 1587 presenti
2692 1506 3148 1573 ambaxiatores

809 1613 1060 1675 nostros
1101 1609 1180 1675 ad
1227 1606 1604 1690 presentiam
1648 1625 1824 1671 suam
1864 1606 2247 1690 impossibile
2290 1612 2403 1688 est,
2452 1614 2585 1674 tum
2620 1615 2876 1692 propter
2904 1614 3147 1692 tempus

810 1711 1011 1792 breve,
1085 1710 1250 1794 quod
1316 1708 1505 1775 habet
1568 1728 1683 1776 sua
1725 1709 2043 1776 Serenitas
2105 1711 2171 1777 in
2216 1712 2473 1778 essendo
2532 1713 2598 1778 in
2641 1713 2947 1796 colloquio
3006 1733 3147 1781 cum

809 1815 977 1881 dicto
1023 1815 1190 1898 Rege
1230 1813 1638 1897 sigismundo,
1684 1816 1758 1878 ut
1799 1814 2062 1879 nuncius
2105 1832 2254 1880 suus
2296 1814 2475 1880 nobis
2518 1815 2783 1898 rettulit,
2828 1821 2966 1882 tum
2999 1817 3148 1901 quia

812 1917 1268 1985 ambaxiatores
1330 1919 1576 1981 nostros
1636 1919 1894 1998 propter
1950 1916 2308 1982 discrimina
2350 1917 2662 1998 itinerum,
2730 1919 2981 1985 mittere
3022 1938 3147 1985 non

808 2039 1154 2105 possumus,
1217 2020 1272 2085 si
1329 2020 1500 2085 aliud
1549 2018 1866 2084 videretur
1924 2037 2035 2084 sue
2093 2018 2429 2086 Serenitati
2470 2039 2607 2086 esse
2648 2020 2916 2087 fiendum
2961 2041 3148 2105 super

813 2124 980 2190 facto
1025 2124 1190 2189 dicte
1232 2123 1372 2205 lige,
1419 2127 1628 2205 potest
1675 2122 1788 2189 tibi
1831 2122 2149 2188 declarare
2177 2123 2583 2189 intentionem
2612 2143 2817 2204 suam3
2860 2125 3009 2207 quia
3036 2125 3146 2190 ha-

815 2226 950 2292 bita
998 2245 1113 2292 sua
1147 2225 1493 2291 intentione
1535 2225 1699 2290 circa
1740 2224 2039 2307 predicta,
2086 2225 2541 2307 providebimus
2581 2225 2783 2293 faeere
2812 2230 3021 2309 presto
3050 2246 3146 2292 re-

769 2418 776 2424 ·
816 2329 1206 2413 sponsionem
1241 2333 1540 2409 nostram,
1599 2347 1710 2410 per
1750 2327 1931 2393 illum
1971 2329 2242 2411 modum,
2298 2347 2483 2411 quem
2526 2347 2961 2413 cognoscemus
3015 2328 3147 2395 fore

813 2451 955 2499 cum
989 2431 1308 2498 commodo
1349 2436 1414 2497 et
1451 2431 1668 2498 dextro
1699 2450 1808 2497 sue
1845 2430 2233 2514 SerenitatiS‚
2278 2437 2343 2498 et
2379 2452 2492 2516 per
2524 2451 2905 2516 consequens
2946 2433 3147 2499 nostri

810 2535 1084 2603 dominii.

1114 2638 1211 2704 De
1254 2643 1434 2720 parte
1477 2642 1577 2705 24.

1316 2755 1560 2811 Archive'o
1595 2754 1655 2810 di
1686 2754 1839 2811 Scato
1874 2756 1929 2809 in
1974 2754 2209 2811 Venezia.

880 2840 1343 2913 (Deliberazioni
1378 2841 1598 2899 Senato
1637 2841 1892 2911 Secreto,
1929 2840 2077 2913 Beg.
2117 2842 2168 2911 4,
2206 2847 2368 2898 earte
2401 2841 2507 2899 230
2540 2842 2631 2912 t0.)

1928 3153 2021 3228 V.

1365 3292 1687 3361 ΜῦὓΟΟΧΙ.
1732 3293 1828 3360 die
1873 3292 1981 3361 Χν.
2027 3292 2301 3359 Ianuarii.
2366 3296 2467 3369 (m.
2510 3297 2588 3369 v.)

1015 3462 1188 3541 Quod
1232 3466 1516 3545 respectu
1579 3467 1752 3528 tante
1805 3462 2214 3528 humanitatis
2266 3468 2331 3527 et
2384 3461 2531 3529 boni
2579 3462 2785 3542 animi,
2855 3480 3037 3544 quem
3082 3467 3147 3528 et

810 3583 996 3648 quam
1041 3565 1316 3631 ostendit
1351 3564 1790 3631 Serenissimus
1819 3564 2106 3630 dominus
2131 3565 2266 3630 Rex
2291 3564 2524 3632 Polane
2553 3583 2700 3647 erga
2729 3568 3008 3630 nostrum
3037 3564 3145 3629 do·

811 3668 1070 3733 minium
1115 3668 1182 3733 in
1223 3668 1526 3733 mittendo
1557 3686 1737 3733 suum
1768 3666 2255 3735 ambaxiatorem
2296 3668 2377 3734 ad
2419 3686 2533 3733 nos
2575 3668 2653 3732 ad
2698 3666 3145 3733 ostendendum

809 3772 1184 3838 desiderium
1227 3788 1426 3851 suum,
1487 3774 1552 3836 et
1593 3788 1774 3835 versa
1813 3770 1945 3835 viee
1988 3788 2101 3853 pro
2146 3770 2525 3837 ostendendo
2576 3769 2766 3835 etiam
2805 3786 2937 3849 noS‚
3000 3788 3147 3850 erga

814 3874 1228 3940 Serenitatem
1270 3891 1465 3954 suam,
1531 3870 1921 3938 affectionem
1964 3877 2029 3938 et
2070 3871 2301 3939 bonum
2342 3890 2450 3938 eor
2494 3871 2693 3937 nostri
2735 3870 3011 3951 dominii,
3062 3871 3147 3935 sit

813 3978 1043 4043 bonum
1087 3977 1338 4042 mittere
1377 3977 1458 4042 ad
1500 3975 1896 4041 Maiestatem
1934 3994 2128 4055 sum,
2185 3976 2266 4041 ad
2309 3973 2655 4041 habendum
2700 3974 2996 4038 maiorem
3040 3973 3145 4039 de-

807 4081 1209 4148 clarationem
1254 4097 1441 4162 super
1480 4078 1582 4144 his
1623 4077 1807 4144 factis
1852 4079 2014 4143 tanti
2044 4078 2350 4161 ponderis,
2400 4076 2550 4159 quia
2578 4076 2824 4159 quando
2853 4075 2941 4140 nil
2974 4076 3144 4141 aliud

807 4187 990 4266 esset,
1033 4183 1156 4248 erit
1197 4184 1522 4249 ostendere
1549 4182 1704 4263 Regi
1732 4181 2067 4263 Hungarie,
2115 4186 2180 4246 et
2224 4182 2344 4246 toti
2385 4180 2615 4245 mundo
2660 4177 2889 4244 habere
2918 4178 3143 4243 intelli·

809 4286 1084 4370 gentiam
1127 4292 1192 4351 et
1233 4286 1534 4368 praticam
1582 4303 1722 4350 cum
1749 4284 1919 4367 Rege
1949 4284 2196 4349 Polane.
2271 4282 2372 4348 Ita
2414 4282 2577 4364 quod
2622 4299 2747 4345 non
2790 4285 2996 4363 potest
3024 4279 3143 4345 nisi

810 4390 1102 4472 prodesse
1147 4388 1330 4457 factis
1372 4388 1621 4471 nostris,
1674 4386 1899 4455 debeat
1939 4385 2107 4452 mitti
2150 4403 2311 4451 unus
2356 4389 2570 4451 noster
2605 4384 2867 4450 nuncius
2910 4382 3143 4448 secula-
