3793 5187
1696 442 1815 511 121

591 646 1113 715 deliberationem
1141 649 1324 715 Bude
1370 648 1602 715 factam
1648 670 1723 717 ac
1771 652 2044 717 iuratam
2091 650 2318 733 exequi
2349 650 2630 729 velimuS‚
2681 646 2931 715 Idcirco

592 751 677 817 ad
719 751 1069 819 tollendum
1116 754 1197 819 de
1244 752 1466 819 animis
1512 772 2052 840 quorumcumque
2094 752 2414 820 hominum
2460 771 2705 818 omnem
2751 750 2932 817 dubi-

596 856 903 921 tationem
948 874 1063 923 seu
1106 854 1543 937 suspitionem,
1606 862 1719 923 aut
1768 856 2202 939 ambiguitatis
2247 855 2628 937 scrupulum,
2679 860 2746 921 et
2789 874 2934 937 pre-

594 958 831 1039 sertim,
892 964 967 1024 ut
1013 958 1551 1025 Reverendissimi
1595 960 1661 1025 in
1708 958 1962 1025 Christo
2019 964 2238 1041 patres
2283 964 2349 1025 et
2391 959 2642 1038 domini,
2702 958 2936 1024 domini

595 1060 971 1127 Franciscus
1033 1064 1281 1127 Venetus
1298 1062 1348 1145 1)
1397 1078 1471 1127 ac
1517 1061 2086 1129 vicecancellarius
2143 1067 2208 1127 et
2265 1063 2588 1143 predictus
2649 1062 2936 1127 dominus

597 1164 881 1229 Iulianus
927 1163 1221 1229 Summus
1264 1164 1753 1247 penitentiarius
1806 1170 2025 1229 sancte
2078 1164 2364 1230 Romane
2427 1164 2729 1229 eccclesie
2782 1162 2936 1228 Car-

601 1268 842 1334 dinales
894 1272 961 1333 et
1006 1267 1373 1349 Apostolice
1411 1268 1581 1333 sedis
1624 1267 1819 1349 legati
1886 1287 2002 1333 nec
2059 1286 2185 1333 non
2233 1266 2556 1351 Magnifici
2607 1266 2938 1349 Capitanei

603 1370 929 1453 galearum
973 1375 1107 1435 tam
1150 1368 1569 1435 Illustrissimi
1614 1369 1845 1436 domini
1895 1370 2074 1435 ducis
2128 1370 2496 1452 Burgondie
2547 1389 2735 1453 quam
2787 1370 2938 1434 Illu-

606 1474 898 1539 strissimi
946 1472 1203 1539 dominii
1219 1474 1271 1556 ²)
1307 1472 1715 1539 Venetiarum
1760 1492 1875 1555 per
1921 1473 2190 1555 amplius
2237 1473 2315 1538 de
2359 1473 2721 1539 sinceritate
2753 1478 2818 1537 et
2845 1472 2939 1537 in-

602 1576 905 1658 tegritate
950 1578 1169 1641 nostre
1214 1575 1443 1640 mentis
1492 1594 1567 1641 ac
1606 1574 1906 1641 firmitate
1938 1576 2140 1641 nostri
2169 1576 2480 1657 propositi
2519 1594 2600 1641 ac
2639 1573 2937 1640 observa-

605 1678 781 1744 tione
810 1678 1169 1761 prescripte
1198 1683 1416 1743 nostre
1447 1678 1923 1744 deliberationis
1957 1684 2021 1743 et
2049 1678 2482 1760 promissionis
2515 1676 2939 1743 certificentur

604 1786 669 1847 et
710 1776 1175 1860 assecurentur,
1229 1780 1308 1845 de
1358 1786 1609 1845 consilio
1624 1781 1674 1864 ³)
1724 1786 1789 1847 et
1832 1795 2098 1845 assensu
2141 1785 2501 1845 nostrorum
2549 1778 2938 1861 prelatorum

604 1888 671 1949 et
708 1882 1015 1949 baronum
1058 1882 1230 1966 apud
1269 1901 1386 1949 nos
1436 1882 1858 1962 existentium,
1905 1888 2036 1948 tam
2079 1900 2296 1947 eorum
2338 1882 2445 1963 qui
2489 1881 2814 1949 nobiscum
2857 1884 2942 1949 ad

601 1986 947 2052 exercitum
990 1986 1203 2052 venire
1252 1984 1502 2064 debent,
1561 2002 1750 2068 quam
1796 1985 2048 2049 illorum
2062 1985 2112 2069 ⁴)
2163 1985 2272 2066 qui
2313 1984 2378 2048 in
2421 2002 2619 2067 regno
2667 1996 2870 2049 nostro
2885 1986 2936 2071 ⁶)

604 2094 935 2155 remanent
962 2088 1026 2155 in
1055 2089 1250 2154 verbo
1282 2088 1461 2170 regio
1508 2094 1573 2153 et
1616 2087 1857 2153 honore
1902 2094 2120 2153 nostro
2169 2105 2242 2153 ac
2287 2086 2404 2151 sub
2434 2085 2562 2152 fide
2598 2086 2942 2154 christiana

600 2192 665 2257 in
713 2210 839 2273 qua
879 2192 1183 2275 sacr-um‘)
1228 2190 1545 2273 baptisma
1592 2191 1946 2272 recepimus
2005 2195 2072 2256 et
2130 2190 2322 2255 vitam
2376 2191 2680 2272 consequi
2723 2210 2940 2273 spera-

600 2314 741 2361 mus
789 2306 1053 2359 eternam
1072 2294 1141 2379 ⁷),
1208 2313 1401 2376 super
1460 2292 1577 2359 hec
1622 2312 1806 2359 sacra
1862 2294 1989 2359 Dei
2040 2292 2392 2375 Evangelia
2436 2311 2648 2359 coram
2690 2293 2940 2376 prefato

608 2395 862 2463 domino
907 2395 1246 2462 Cardinale
1292 2396 1492 2462 sancti
1538 2396 1763 2478 Angeli
1807 2395 2042 2479 legato,
2106 2400 2172 2461 et
2231 2394 2496 2478 prefatis
2559 2396 2822 2479 prelatis
2869 2416 2943 2464 ac

600 2498 945 2565 baronibus
993 2499 1375 2582 spondemus
1423 2504 1489 2564 et
1534 2498 1906 2581 pollicemur
1963 2498 2368 2580 iuramusque
2414 2504 2479 2564 et
2519 2503 2738 2564 votum
2781 2498 2939 2565 faci-

599 2622 739 2670 mus
786 2609 1007 2670 sancte
1075 2603 1371 2668 Trinitati
1423 2605 1590 2685 patri
1636 2607 1701 2668 et
1744 2601 1871 2667 filio
1921 2609 1987 2668 et
2030 2602 2280 2685 spiritui
2331 2609 2552 2667 sancto
2597 2607 2664 2667 et
2703 2603 2940 2684 glorio-

600 2705 847 2772 sissime
871 2705 1117 2788 Virgini
1147 2705 1350 2771 Marie
1380 2706 1499 2771 Dei
1530 2707 1835 2789 genetrici
1884 2725 1960 2772 ac
2007 2705 2294 2772 omnibus
2334 2705 2576 2788 angelis
2609 2711 2676 2770 et
2705 2708 2941 2773 sanctis

600 2809 725 2874 Dei
770 2815 835 2874 et
878 2809 1216 2892 presertim
1254 2807 1458 2874 beatis
1500 2807 1782 2891 Regibus
1814 2807 2139 2891 Stephano
2186 2814 2250 2874 et
2291 2809 2610 2889 Ladislao,
2654 2811 2938 2891 patronis

604 2910 789 2977 huius
831 2911 1012 2993 regni
1056 2910 1279 2990 nostri,
1322 2910 1675 2993 predictam
1720 2910 2308 2994 deliberationem&
2357 2917 2423 2976 et
2461 2911 2942 2993 promissionem

600 3013 783 3079 Bude
811 3012 1043 3079 factam
1076 3013 1491 3098 executioni⁹)
1519 3011 1936 3080 effectualiter
1970 3013 2356 3080 demandare
2387 3019 2453 3080 et
2484 3013 2648 3079 infra
2674 3013 2944 3096 primam

603 3117 771 3182 diem
816 3115 1209 3199 Septembris
1271 3117 1557 3199 proxime
1624 3119 1950 3200 sequentis
1994 3136 2134 3184 esse
2180 3137 2319 3184 cum
2382 3121 2602 3184 nostro
2661 3119 2943 3183 exercitu

812 3339 856 3409 ¹)
907 3335 1296 3394 venetiarum
1328 3337 1448 3393 Ed.
1489 3337 1691 3393 Grac.
1752 3338 2016 3394 Venetus
2051 3338 2168 3395 Ed.
2204 3338 2396 3410 Lips.

809 3426 855 3493 ¹)
910 3422 1151 3478 Domini
1186 3422 1307 3478 Ed.
1343 3422 1533 3494 Lips.
1571 3427 1643 3480 et
1678 3423 1873 3480 Grac.

812 3513 856 3578 ⁸)
913 3525 1206 3566 consensu
1250 3509 1366 3564 Ed.
1402 3509 1591 3582 Lips.
1628 3513 1703 3566 et
1738 3509 1933 3566 Orac.

810 3594 857 3665 ⁴)
914 3611 1119 3650 eorum
1152 3593 1269 3650 Ed.
1306 3594 1496 3667 Lips.
1554 3593 1795 3652 illorum
1827 3614 1886 3652 w
1923 3595 2104 3652 Krak.

811 3679 856 3750 Ι5)
911 3680 1075 3751 Tego
1139 3679 1369 3736 zaimka
1439 3681 1638 3738 niema
1699 3701 1760 3738 w
1816 3681 2032 3754 edyeyi
2087 3680 2508 3753 krakowsklej‚
2555 3711 2622 3722 —
2675 3681 2768 3738 ale
2823 3681 2949 3753 jest

606 3783 665 3822 w
700 3765 955 3838 lipskiej.

809 3852 857 3918 ⁶)
908 3851 1367 3908 sanctissimum
1398 3851 1523 3909 Ed.
1566 3852 1766 3926 Lips.
1839 3853 2124 3910 Sanctum
2163 3853 2280 3909 Ed.
2317 3852 2514 3908 Grae.

813 3939 859 4008 ⁷)
916 3937 1080 4009 Tago
1115 3938 1549 4010 przymiotnika
1580 3938 1777 3994 niema
1800 3956 1858 3994 w
1883 3937 2100 4011 edyeyi
2123 3938 2460 4012 lipskiej‚—
2480 3938 2574 3994 ale
2601 3937 2727 4010 J‘est
2743 3955 2800 3994 w
2819 3939 2947 3994 kra-

605 4021 913 4094 kowskiej.

814 4110 860 4180 ⁸)
912 4114 1147 4166 nostram
1185 4110 1399 4182 dodaje
1445 4115 1509 4166 tu
1556 4111 1786 4183 edyeya
1820 4111 2030 4183 lipska,
2087 4129 2266 4183 czego
2303 4111 2405 4168 ani
2438 4129 2497 4167 w
2531 4111 2946 4182 krakowskiej,

612 4195 711 4252 ani
746 4213 803 4250 w
838 4213 1087 4266 naszym
1121 4196 1513 4252 dokumeneie
1548 4196 1761 4252 nieme.

814 4281 861 4352 ⁹)
916 4281 1081 4355 Tege
1116 4299 1359 4356 wyrazu
1394 4282 1492 4339 nie
1527 4299 1627 4339 ma
1664 4301 1722 4340 w
1751 4283 2034 4356 wydaniu
2067 4282 2360 4358 lipskiem‚
2381 4311 2444 4323 —-—
2475 4283 2570 4339 ale
2587 4283 2713 4355 jest
2735 4299 2793 4337 w
2817 4283 2950 4342 kra-

606 4365 946 4426 kowskiom.
