3793 5187
1972 607 2097 670 186

1881 843 2216 922 LXXX.

1184 981 1642 1050 ΜοῦοοιΧΧνΙ.
1685 981 1781 1050 die
1823 982 1981 1052 ΧΙΙΙΙ.
2024 925 2325 1052 l-'ebruarii
2372 985 2567 1065 (more
2610 983 2881 1064 veneto).

1063 1117 1326 1185 Rediere
1371 1137 1446 1184 ex
1492 1115 1683 1184 Curia
1722 1118 1908 1185 ambo
1937 1119 2237 1186 Oratores
2275 1119 2673 1188 Serenissimi
2715 1116 2977 1184 Domini
3017 1117 3209 1202 Regis

856 1219 1204 1302 Hungarie:
1264 1220 1352 1287 Et
1407 1221 1576 1287 circa
1629 1221 1953 1306 proposita
2011 1221 2093 1288 ab
2151 1222 2241 1288 eis
2302 1225 2368 1288 in
2429 1223 2705 1288 transitu
2766 1221 2912 1288 hinc
2950 1239 3065 1289 suo
3107 1223 3204 1288 di-

858 1322 1149 1388 stinctius
1210 1322 1329 1388 sibi
1379 1323 1740 1406 responderi
1805 1328 2030 1408 petunt
2095 1329 2431 1407 propterea
2484 1324 2664 1391 vadit
2714 1341 2860 1406 pars
2904 1323 3071 1406 quod
3111 1323 3206 1389 eis

858 1425 1104 1490 dicatur
1146 1424 1213 1490 in
1252 1425 1419 1492 hunc
1461 1427 1730 1492 modum.

1061 1526 1458 1595 Deliberasse
1500 1546 1614 1594 nos
1657 1529 1906 1611 quando
1950 1528 2017 1594 in
2054 1527 2292 1594 curiam
2336 1527 2896 1612 proficiscebantur
2943 1546 3205 1612 respon-

857 1629 1007 1695 dere
1034 1629 1520 1714 Magnificenciis
1561 1631 1710 1712 suis,
1755 1636 1820 1697 et
1863 1649 1939 1697 ea
1980 1630 2255 1698 breviter
2285 1648 2657 1711 memorare,
2704 1648 2827 1712 que
2870 1648 3021 1696 vera
3062 1636 3209 1696 sunt

860 1736 926 1799 et
961 1751 1089 1798 non
1131 1733 1334 1801 solum
1361 1753 1527 1814 vera,
1575 1733 1684 1800 sed
1732 1735 1921 1800 etiam
1965 1733 2301 1801 manifesta
2337 1735 2418 1800 de
2444 1732 2765 1799 laboribus
2798 1733 3057 1812 nostriS,
3100 1752 3208 1816 pe-

857 1835 1074 1902 riculis
1138 1842 1203 1904 et
1269 1836 1568 1920 impensis
1629 1837 1756 1903 iam
1812 1837 2048 1903 dudum
2093 1837 2368 1920 suscepti
2423 1855 2564 1902 eum
2610 1835 2815 1902 Turco
2860 1835 3029 1918 belli,
3077 1853 3207 1902 non

861 1943 992 2004 tam
1036 1943 1111 2004 ut
1153 1945 1369 2006 nostra
1412 1937 1879 2006 defenderemus
1938 1959 2059 2022 que
2101 1939 2181 2005 ab
2224 1957 2300 2004 eo
2344 1939 2599 2005 minime
2653 1938 3204 2024 impugnabantur,

861 2058 1049 2123 quam
1089 2045 1162 2107 ut
1203 2041 1344 2107 aliis
1389 2040 1589 2107 favori
1632 2044 1698 2108 et
1736 2042 1970 2107 auxilio
2034 2059 2310 2108 essemus
2372 2042 2765 2108 divertentes
2826 2048 2893 2108 et
2935 2060 3205 2126 occupa-

859 2149 998 2210 tum
1041 2144 1360 2211 inimicum
1424 2147 1732 2224 tenentes,
1792 2145 1958 2212 sicut
2016 2144 2422 2211 multifariam
2488 2144 2752 2212 fecimus
2818 2144 3207 2230 facimusque

861 2250 1168 2330 quantum
1231 2247 1398 2313 vires
1459 2246 1776 2314 sustinent
1837 2252 2080 2328 nostre,
2148 2247 2479 2332 perspicua
2548 2247 2741 2314 etiam
2798 2247 3201 2314 nihilominus

861 2355 1010 2416 sunt
1072 2369 1196 2433 que
1253 2351 1532 2418 studiose
1598 2354 1665 2418 et
1724 2349 2032 2417 indefesse
2096 2350 2499 2426 tentavimuS,
2564 2355 2631 2417 et
2695 2351 3075 2432 quesivimus
3137 2355 3211 2417 ut

861 2453 1174 2537 principes
1218 2453 1594 2520 christianos
1634 2454 1716 2521 ad
1759 2453 2160 2520 concordiam
2197 2453 2364 2520 inter
2394 2471 2463 2518 se
2492 2458 2559 2519 et
2588 2455 2671 2520 ad
2701 2472 2963 2521 comune
2990 2459 3209 2520 contra

859 2556 1106 2627 hostem
1144 2557 1379 2626 bellum
1422 2556 1818 2624 hortaremur
1861 2562 1928 2623 et
1968 2557 2432 2623 induceremus:
2477 2554 2570 2622 Et
2616 2575 2739 2641 que
2781 2562 2929 2623 sunt
2971 2557 3039 2623 in
3080 2555 3211 2622 Ita-

859 2661 948 2729 lia
993 2665 1216 2729 autore
1253 2665 1322 2728 et
1365 2661 1569 2744 capite
1610 2660 1865 2726 Summo
1910 2658 2203 2743 pontifice
2236 2653 2568 2745 proposita
2611 2666 2677 2727 et
2721 2660 3031 2741 conclusa,
3078 2664 3219 2725 tam·

861 2782 1048 2849 super
1091 2764 1424 2831 collatione
1464 2764 1634 2831 facta
1676 2765 2079 2848 pecuniarum
2121 2764 2377 2845 decime,
2441 2782 2633 2846 quam
2692 2781 2888 2847 super
2930 2761 3213 2845 generali

861 2867 1321 2934 contributione
1383 2868 1637 2951 incepta
1682 2872 1751 2933 et
1791 2865 2070 2950 perfecta
2114 2883 2243 2933 non
2286 2867 2463 2935 fuere
2528 2865 2813 2932 studiosa
2858 2883 3057 2949 opera
3096 2883 3211 2931 no-

863 2974 995 3035 stra
1048 2988 1178 3036 non
1237 2970 1441 3037 solum
1499 2970 1939 3051 promittendo,
2005 2969 2117 3035 sed
2183 2989 2325 3037 cum
2394 2968 2625 3037 effectu
2695 2969 2887 3036 etiam
2931 2974 2998 3035 et
3033 2968 3211 3052 prius

863 3073 1193 3157 plusquam
1253 3073 1447 3141 ceteri
1503 3070 1809 3139 faciendo.
1899 3072 2036 3141 Hec
2081 3091 2222 3139 cum
2266 3073 2395 3139 suis
2439 3070 2953 3155 Magnificenciis,
2997 3078 3072 3137 ut
3114 3070 3211 3136 di-

863 3176 1068 3243 ximus
1108 3177 1261 3243 dum
1301 3177 1368 3242 in
1405 3174 1646 3241 curiam
1709 3173 2283 3258 proficiscebantur,
2345 3173 2598 3241 confere
2660 3174 3203 3255 constitueramus,

864 3296 980 3345 nos
1023 3278 1279 3345 tandem
1321 3279 1715 3347 remittentes
1759 3278 1841 3345 ad
1878 3297 1973 3361 ea,
2025 3297 2148 3363 que
2185 3277 2627 3362 particularius
2670 3282 2854 3345 erant
2895 3276 2975 3344 ab
3020 3274 3205 3343 Sum·

863 3399 966 3447 mo
1009 3380 1302 3464 pontifice
1358 3380 1742 3449 intellecturi
1807 3400 1949 3449 cum
2004 3380 2233 3464 quibus
2279 3385 2500 3464 postea
2542 3380 2813 3449 reversis
2854 3381 2938 3447 ad
2980 3398 3093 3447 nos
3140 3382 3211 3445 et

864 3484 1190 3550 instructis
1232 3483 1312 3551 de
1352 3485 1519 3551 omni
1557 3504 1766 3551 rerum
1810 3483 2166 3552 conditione
2226 3483 2598 3566 particulari
2658 3483 2833 3569 loqui
2900 3482 3211 3567 potuisse-

863 3602 1036 3652 mus:
1106 3584 1230 3653 Sed
1270 3587 1561 3655 celeritas
1603 3588 1912 3657 discessus
1954 3587 2053 3653 sui
2096 3586 2165 3653 in
2206 3604 2400 3655 causa
2440 3586 2584 3669 fuit,
2640 3591 2714 3655 ut
2774 3604 2987 3655 secum
3034 3584 3213 3669 loqui

865 3704 1055 3769 super
1115 3686 1470 3755 huiusmodi
1532 3690 1718 3757 rebus
1781 3708 1908 3757 non
1971 3689 2376 3773 potuerimus,
2436 3708 2596 3773 quas
2659 3689 3207 3772 impresentiarum

865 3790 1247 3873 perstrictae,
1311 3792 1669 3860 distinctius
1731 3812 1862 3860 non
1904 3790 2318 3873 enatabimus,
2386 3797 2460 3859 ut
2524 3793 2609 3861 ad
2672 3810 2749 3860 ea
2806 3792 3209 3861 deveniamus

867 3908 990 3975 que
1039 3894 1238 3977 magis
1288 3895 1642 3961 necessaria
1684 3894 1977 3963 videntur
2018 3896 2100 3963 ad
2144 3898 2501 3979 presentem
2546 3894 2784 3963 scilicet
2822 3913 3035 3962 rerum
3080 3902 3210 3963 sta·

865 4000 1002 4061 tum
1042 3998 1109 4061 et
1149 3996 1231 4063 ad
1275 3994 1624 4079 proximam
1673 4002 2034 4081 certamque
2082 4016 2278 4081 spem,
2342 4015 2533 4081 quam
2596 3998 2771 4083 regia
2832 3996 3197 4067 Sublimitas

866 4114 1090 4181 capere
1130 4096 1210 4165 de
1249 4096 1470 4164 Italico
1511 4096 1791 4165 subsidio
1836 4100 2045 4181 possit
2084 4101 2151 4167 in
2194 4102 2325 4167 suis
2368 4100 2877 4169 necessitatibus:
2926 4100 3061 4168 Nos
3100 4118 3221 4183 per

865 4199 1084 4267 literas
1120 4198 1408 4267 Oratoris
1447 4200 1651 4267 nostri
1684 4218 1768 4267 ex
1809 4200 2138 4286 Hungaria
2176 4204 2479 4287 proximis
2522 4202 2741 4271 diebus
2788 4203 2941 4271 facti
2985 4202 3209 4271 certio·

866 4320 970 4369 res
1010 4304 1092 4370 de
1133 4302 1590 4386 expugnatione
1633 4302 2013 4372 bastitarum
2057 4309 2128 4373 et
2166 4306 2250 4372 de
2294 4306 2707 4389 dubitatione,
2751 4325 2876 4390 que
2904 4312 3055 4373 tunc
3096 4304 3211 4370 ha-

865 4402 1134 4471 bebatur
1197 4424 1280 4471 ne
1344 4403 1586 4472 Turcus
1650 4407 1752 4474 vel
1809 4407 1894 4475 ad
1960 4407 2343 4478 obsidionem
2384 4409 2699 4495 Belgradi,
2768 4409 2870 4478 vel
2931 4410 3015 4477 ad
3082 4408 3215 4477 alia

865 4506 1098 4573 damna
1139 4507 1314 4591 regni
1355 4508 1854 4593 progrederetur,
1918 4511 2215 4596 evestigio
2271 4512 2341 4579 in
2394 4512 2633 4581 curiam
2695 4510 3077 4597 scripsimus,
3145 4516 3221 4579 et
