3793 5187
1840 531 1920 592 21

719 750 960 814 semper
1021 730 1141 796 fuit
1196 751 1394 814 prona
1454 737 1520 798 et
1577 733 1758 798 avida
1815 735 1984 816 pacis
2044 739 2109 799 et
2165 733 2409 798 vivendi
2469 749 2608 799 cum
2660 729 2943 797 omnibus
2984 731 3050 794 in

718 853 868 917 pace
911 840 977 901 et
1020 835 1374 917 specialiter
1418 853 1554 900 cum
1601 836 1850 902 domino
1907 835 2076 918 Rege
2128 835 2451 918 Hungarie
2492 834 2733 917 prefato
2775 833 2843 898 in
2887 850 3049 898 com-

717 937 1088 1020 placentiam
1134 943 1198 1003 et
1242 939 1767 1004 conservationem
1795 957 2055 1020 persone
2098 942 2164 1004 et
2204 942 2410 1004 status
2447 938 2622 1004 cuius
2651 941 2749 1002 tot
2777 940 2844 1001 et
2870 939 3052 1000 tanta

716 1041 976 1107 fecimus
1018 1042 1183 1124 quod
1227 1045 1442 1107 nostro
1479 1041 1707 1124 juditio
1749 1060 1873 1106 non
1917 1041 2107 1107 habet
2147 1040 2269 1106 nisi
2312 1059 2518 1107 veram
2554 1045 2618 1105 et
2639 1040 2876 1123 justam
2905 1056 3048 1103 cau-

715 1162 850 1211 sam
894 1143 1187 1226 diligendi
1230 1163 1345 1210 nos
1387 1149 1453 1209 et
1494 1147 1729 1209 statum
1787 1144 1987 1208 nostri
2029 1143 2304 1224 dominii,
2363 1141 2673 1208 offerendo
2717 1159 2825 1206 vos
2868 1158 3049 1223 para-

720 1253 817 1312 tos
864 1245 1196 1312 informare
1238 1245 1427 1312 Suam
1458 1245 1865 1312 Serenitatem
1911 1251 2064 1312 tunc
2107 1247 2322 1311 statim
2350 1245 2448 1312 vel
2488 1245 2613 1311 alia
2641 1243 2772 1311 vice
2802 1242 3048 1326 quando

720 1348 836 1415 sibi
880 1347 1150 1430 placebit
1195 1349 1272 1415 de
1306 1349 1551 1433 juribus
1595 1349 1824 1416 nostris
1872 1349 2036 1414 circa
2078 1347 2460 1415 differentias
2504 1348 2839 1413 existentes
2883 1345 3049 1411 inter

714 1452 1031 1517 dominum
1090 1451 1321 1534 Regem
1378 1451 1699 1534 Hungarie
1755 1458 1820 1517 et
1876 1455 2158 1516 nostrum
2199 1449 2538 1516 dominium
2576 1453 2642 1514 et
2683 1448 2924 1514 essendi
2967 1449 3048 1513 ad

719 1555 1019 1636 praticam
1066 1559 1373 1621 tractatus
1421 1554 1591 1637 pacis
1634 1553 1743 1620 ubi
1784 1558 1849 1620 et
1892 1555 2138 1636 quando
2181 1559 2248 1619 et
2290 1572 2428 1619 cum
2473 1552 2698 1637 quibus
2736 1551 3048 1618 ordinabit

716 1663 781 1722 et
822 1657 1147 1740 deputabit
1189 1656 1317 1724 Sua
1358 1658 1659 1724 Maiestas
1702 1662 1767 1724 et
1810 1658 1901 1723 sic
1941 1657 2142 1723 facere
2183 1656 2462 1723 debeatis
2504 1656 2841 1722 secundum
2883 1654 3047 1720 ordi-

716 1777 857 1824 nem
900 1779 1083 1842 quem
1128 1760 1299 1826 vobis
1342 1761 1518 1827 dabit
1558 1762 1761 1827 dictus
1804 1761 2090 1827 dominus
2132 1761 2266 1826 Rex
2294 1759 2566 1825 Polonie.
2636 1758 2872 1824 Verum
2899 1757 3046 1839 quia

714 1861 1020 1929 credimus
1063 1863 1227 1945 quod
1269 1862 1430 1929 forte
1465 1882 1715 1930 necesse
1758 1865 1880 1929 erit
1924 1865 2090 1946 quod
2133 1862 2540 1944 compareatis
2581 1860 2682 1926 vel
2721 1877 2834 1926 vos
2871 1878 3044 1942 repe-

710 1949 889 2030 riatis
930 1965 996 2030 in
1040 1966 1355 2048 presentia
1396 1967 1630 2033 domini
1688 1967 1875 2050 Regis
1919 1967 2256 2049 Hungarie,
2319 1964 2600 2031 volumus
2660 1963 2826 2046 quod
2880 1961 3047 2029 facta

713 2067 923 2133 debita
980 2069 1326 2136 reverentia
1368 2074 1433 2135 et
1476 2071 1701 2136 devota
1760 2070 2140 2136 salutatione
2198 2067 2474 2134 debeatis
2531 2085 2838 2150 exponere
2880 2067 3047 2149 quod

710 2170 911 2236 ivistis
951 2172 1030 2237 de
1072 2176 1285 2238 nostro
1330 2173 1624 2238 mandato
1668 2172 1747 2237 ad
1792 2172 1934 2237 illas
1982 2178 2191 2254 partes
2233 2171 2316 2236 ad
2359 2170 2820 2253 persuasionem
2865 2168 3043 2234 Sere-

712 2273 952 2338 nissimi
997 2274 1233 2340 domini
1275 2275 1464 2357 Regis
1508 2275 1759 2340 Polonie
1802 2293 1990 2340 causa
2038 2273 2346 2340 tractandi
2389 2290 2621 2354 pacem,
2667 2272 2856 2337 etiam
2900 2273 3048 2355 quia

709 2380 927 2442 nostra
992 2377 1333 2443 dominatio
1392 2396 1517 2443 non
1575 2382 1784 2460 potest
1845 2379 2094 2444 credere
2148 2378 2312 2460 quod
2359 2394 2533 2441 mens
2575 2374 2770 2459 ipsius
2813 2374 3047 2442 domini

710 2477 898 2560 Regis
938 2479 1258 2562 Hungarie
1298 2480 1513 2546 multis
1554 2479 1936 2562 respectibus
1979 2480 2086 2545 sed
2136 2478 2480 2562 spetialiter
2522 2497 2635 2560 pro
2672 2477 2834 2545 bono
2865 2477 3044 2544 Chri-

710 2581 1053 2649 stianitatis
1115 2587 1181 2649 et
1244 2583 1765 2666 contemplatione
1828 2581 2219 2650 Serenissimi
2273 2580 2507 2647 domini
2560 2579 2748 2663 Regis
2792 2580 3046 2649 Polonie

713 2689 780 2750 et
826 2691 1111 2767 respectu
1151 2705 1364 2751 eorum
1404 2707 1524 2771 que
1568 2687 1826 2753 fecimus
1867 2688 1935 2753 in
1979 2685 2486 2769 complacentiam
2537 2689 2602 2750 et
2643 2686 3044 2752 commodita-

711 2792 837 2852 tem
875 2788 1073 2869 ipsius
1117 2788 1350 2854 domini
1403 2790 1591 2872 Regis
1632 2795 1697 2855 et
1739 2790 1913 2873 regni
1956 2789 2276 2872 Hungarie
2333 2788 2484 2855 velit
2541 2806 2937 2871 perseverare
2978 2789 3045 2854 in

707 2908 932 2970 guerra
999 2890 1319 2956 nobiscum
1378 2892 1643 2957 maxime
1704 2912 1843 2958 cum
1888 2894 1940 2959 si
1989 2888 2110 2958 Sue
2152 2890 2473 2957 Maiestati
2509 2890 2794 2973 placebit,
2847 2893 3045 2974 possit

706 2990 841 3057 fieri
882 3010 1005 3073 pax
1036 2994 1404 3061 conveniens
1442 2999 1507 3060 et
1548 2994 1938 3061 rationabilis
1982 2999 2046 3061 et
2090 2997 2422 3064 accomoda
2467 3002 2532 3063 et
2573 3000 2758 3079 grata
2783 2994 2908 3062 Sue
2935 2994 3045 3061 Se-

707 3094 963 3160 renitati
1000 3100 1067 3161 et
1108 3102 1321 3163 nostro
1366 3098 1656 3164 dominio.

908 3196 997 3261 Et
1038 3198 1185 3281 quia
1243 3200 1309 3264 in
1365 3200 1463 3265 his
1518 3200 1855 3283 principiis,
1918 3206 2048 3267 tam
2108 3220 2221 3283 per
2272 3201 2587 3267 dominum
2645 3202 2878 3285 Regem
2924 3203 3042 3267 Po-

707 3299 871 3365 lonie
914 3318 1101 3383 quam
1138 3300 1301 3367 forte
1343 3302 1531 3367 etiam
1577 3320 1687 3385 per
1728 3308 1970 3386 partem
2012 3304 2333 3369 adversam
2377 3302 2530 3370 fient
2571 3302 2746 3370 vobis
2787 3304 3042 3387 peticio-

705 3419 817 3467 nes
855 3401 1278 3485 allegationeS,
1336 3409 1401 3471 et
1442 3406 1859 3489 oppositiones
1914 3406 2110 3471 multe
2153 3412 2218 3471 et
2259 3424 2499 3489 magne,
2546 3405 2921 3474 confidentes
2965 3409 3043 3474 de

708 3505 1031 3587 sapientiis
1075 3506 1316 3587 vestriS,
1365 3508 1515 3590 quia
1552 3509 1702 3575 estis
1745 3508 2020 3591 plenarie
2065 3508 2382 3575 informati
2425 3510 2502 3575 de
2551 3509 2798 3593 juribus
2843 3517 2908 3576 et
2936 3511 3042 3577 de-

706 3606 1089 3675 fensionibus
1132 3610 1382 3686 nostris,
1443 3610 1719 3678 debeatis
1762 3612 2133 3695 respondere
2183 3612 2520 3680 secundum
2561 3614 2728 3695 quod
2773 3614 3042 3696 pruden-

705 3711 811 3777 tiis
867 3712 1092 3778 vestris
1166 3711 1474 3780 videbitur
1530 3734 1665 3781 esse
1728 3734 1994 3795 necesse,
2059 3734 2300 3799 semper
2363 3720 2573 3781 tamen
2639 3715 3042 3783 substinendo

696 3814 844 3896 jura
879 3818 944 3879 et
985 3814 1283 3880 honorem
1326 3822 1607 3882 nostrum
1653 3835 1790 3882 cum
1836 3819 2164 3883 honestate
2201 3818 2368 3883 omni
2405 3822 2471 3883 et
2514 3836 2651 3883 cum
2690 3818 2890 3884 modis
2933 3818 3042 3901 qui

703 3914 943 3996 possint
1002 3935 1139 3982 esse
1192 3936 1379 3984 causa
1440 3918 1758 3984 inductiva
1818 3919 2126 3985 concordii
2187 3924 2252 3985 et
2306 3920 2478 4002 pacis
2541 3920 2703 3986 sicut
2747 3920 2824 3986 de
2867 3919 3041 3987 vobis

704 4016 884 4099 plene
928 4019 1307 4086 confidimus.
1379 4021 1466 4085 Et
1502 4022 1649 4104 quia
1690 4040 1815 4087 non
1857 4021 2234 4103 dubitamuS,
2278 4022 2402 4087 imo
2446 4040 2660 4088 sumus
2712 4022 3040 4089 certissimi

703 4122 867 4202 quod
935 4122 1361 4205 principaliter
1425 4123 1599 4190 vobis
1662 4124 1771 4190 fiet
1835 4126 2067 4189 mentio
2141 4131 2207 4191 et
2274 4125 2597 4207 requisitio
2661 4127 3039 4192 solutionum

704 4222 867 4288 VII¹¹¹
917 4225 1304 4306 ducatorum,
1360 4244 1547 4309 super
1590 4228 1707 4293 hoc
1748 4227 2075 4309 presertim
2117 4227 2504 4294 declaramus
2545 4228 2720 4294 vobis
2770 4233 3039 4295 mentem

705 4330 986 4391 nostram
1031 4348 1151 4411 que
1196 4334 1293 4395 est
1328 4330 1493 4411 quod
1537 4330 1898 4396 sustineatis
1953 4330 2449 4397 constantissime
2500 4332 2666 4414 quod
2713 4332 2797 4397 ad
2839 4331 3038 4396 dictas

708 4426 1050 4495 solutiones
1096 4448 1221 4497 non
1270 4434 1551 4499 tenemur
1592 4451 1703 4515 pro
1746 4432 2045 4513 preterito
2095 4450 2208 4499 nec
2249 4430 2477 4499 futuro.
2567 4432 2654 4500 Et
2694 4452 2882 4518 super
2922 4434 3040 4501 hoc
