3793 5187
1930 667 2049 730 179

805 874 892 938 «et
936 871 1132 937 ceteri
1176 869 1476 952 deinceps
1526 867 1840 952 principes
1898 873 1963 936 et
2011 873 2375 952 potentatus
2432 867 2715 935 cristiani
2771 887 2888 952 pro
2943 869 3177 937 delibe-

819 972 1044 1040 randis
1089 971 1452 1039 necessariis
1497 971 1578 1037 ad
1631 971 1903 1037 salutem
1962 989 2171 1038 rerum
2227 971 2654 1055 provisurum
2698 972 2780 1039 de
2838 989 2965 1053 quo
3016 972 3175 1038 nihil

824 1075 1058 1140 factum
1105 1077 1218 1154 est,
1271 1078 1336 1139 et
1377 1077 1589 1139 tamen
1625 1071 1828 1139 hostis
1871 1073 1937 1138 in
1965 1072 2099 1140 dies
2128 1073 2332 1156 magis
2360 1073 2761 1140 crassabatur
2788 1077 2853 1140 et
2878 1074 3171 1141 seviebat.

829 1175 1092 1244 Solicita
1135 1175 1331 1260 igitur
1371 1175 1545 1257 regia
1589 1173 1961 1241 Sublimitas
2002 1175 2371 1242 universalis
2413 1175 2636 1243 salutis
2680 1180 2747 1242 et
2786 1177 3175 1244 liberationis

829 1279 1252 1344 necessarium
1295 1275 1746 1356 arbitrabatur,
1779 1282 1846 1344 et
1884 1277 1971 1342 ad
2014 1276 2180 1344 hunc
2208 1275 2395 1343 finem
2427 1283 2642 1345 orator
2666 1279 2889 1362 ipsein
2920 1279 3175 1346 Curiam

823 1381 1346 1465 proficiscebatur
1383 1385 1458 1446 ut
1498 1379 1854 1446 huiusmodi
1908 1390 2254 1446 conventus
2290 1379 2644 1465 'principum
2694 1383 3177 1450 christianorum

813 1490 1160 1551 ⁸vocaretur
1231 1484 1296 1549 in
1373 1501 1498 1565 quo
1569 1483 1903 1549 interesset
1977 1483 2267 1550 Summus
2335 1484 2639 1567 pontifex,
2709 1485 2848 1568 ipsa
2910 1485 3177 1553 Cesarea

827 1586 1160 1666 Maiestas,
1230 1592 1296 1653 et
1361 1583 1590 1667 reliqui
1667 1585 2010 1669 principes;
2076 1587 2492 1668 hortatusque
2550 1591 2650 1654 est
2708 1588 3047 1655 dominium
3106 1595 3177 1655 ut

825 1690 976 1756 huic
1017 1692 1150 1756 tam
1193 1687 1454 1754 salutari
1483 1687 1574 1752 rei
1611 1685 1890 1754 favorem
1930 1706 2113 1754 suum
2157 1693 2438 1771 prestare
2480 1690 2646 1772 velit,
2679 1695 2809 1756 tam
2855 1709 2994 1758 cum
3023 1710 3177 1775 pon-

827 1791 1000 1858 tifice
1045 1809 1232 1872 quam
1278 1790 1464 1856 aliter
1508 1795 1582 1855 ut
1606 1789 1965 1856 huiusmodi
2012 1793 2352 1857 conventus
2393 1790 2601 1857 locum
2645 1791 2907 1858 haberet
2932 1798 3008 1858 ut
3033 1812 3177 1877 pro-

824 1893 984 1977 spici
1025 1893 1228 1978 possit
1271 1911 1395 1959 non
1438 1894 1640 1959 solum
1698 1893 1780 1961 ad
1824 1895 2389 1977 propugnationem
2431 1913 2639 1960 rerum
2694 1893 3178 1963 christianarum

825 1997 938 2063 sed
983 1998 1066 2064 ad
1108 1998 1314 2063 hostis
1362 1997 1824 2063 extinctionem.

1034 2133 1280 2200 Habuit
1321 2133 1548 2202 deinde
1589 2135 1974 2201 mentionem
2038 2134 2117 2200 de
2182 2135 2549 2217 particulari
2611 2135 2863 2203 interim
2906 2138 3055 2203 dum
3098 2138 3178 2204 de

833 2235 1232 2320 generalibus
1305 2242 1533 2320 agatur
1593 2235 2049 2319 provisionibus
2109 2236 2464 2303 adhibendo
2528 2239 2804 2304 remedio
2878 2242 3179 2308 adversus

831 2339 1234 2405 excursiones
1293 2345 1360 2405 et
1422 2338 1888 2418 infestationeS,
1932 2357 2089 2421 quas
2133 2337 2323 2405 Turci
2374 2339 2613 2406 faciunt
2662 2341 2727 2407 in
2776 2342 3048 2409 ditiones
3116 2347 3181 2408 et

831 2443 971 2508 loca
1013 2441 1428 2524 Imperatoria
1474 2448 1695 2507 nostra
1737 2446 1802 2507 et
1839 2441 2136 2523 aliorum,
2179 2444 2259 2509 ad
2305 2461 2493 2524 quam
2535 2461 2666 2508 rem
2722 2444 2860 2525 ipse
2910 2463 3022 2526 pro
3066 2463 3181 2512 sua

835 2550 1018 2627 parte
1062 2550 1160 2612 est
1204 2544 1370 2612 bene
1413 2545 1762 2627 dispositus
1792 2551 1856 2612 et
1900 2551 2247 2628 promptus,
2277 2545 2695 2628 hortatusque
2721 2551 2817 2615 est
2841 2547 3182 2635 dominium

814 2667 908 2715 ex
950 2654 1133 2733 parte
1177 2666 1292 2715 sua
1332 2648 1496 2713 idem
1538 2647 1746 2713 faciat.

1034 2787 1248 2853 Tertio
1317 2786 1476 2852 dixit
1540 2786 1618 2851 de
1691 2784 2195 2851 infestationibus
2263 2785 2577 2851 Comitum
2644 2786 2899 2854 Croatie
2964 2792 3182 2853 contra

833 2888 1126 2955 subditos
1169 2888 1646 2972 Imperatorios‚
1695 2889 1804 2968 qui
1859 2886 2154 2953 monendi
2213 2888 2341 2954 sint
2398 2890 2479 2955 ad
2528 2888 2791 2970 pacifice
2847 2890 3181 2957 vivendum

843 3000 912 3058 et
955 2993 1380 3059 desistendum
1450 2992 1528 3058 ab
1592 2990 2023 3057 invasionibus
2086 2996 2153 3059 et
2212 2992 2413 3057 malis.
2500 2992 2819 3059 Postremo
2879 2994 2959 3059 de
3008 2992 3183 3060 diffe-

835 3096 1066 3162 rentiis
1106 3101 1466 3162 nostrorum
1497 3096 1814 3163 hominum
1845 3112 1987 3160 cum
2016 3096 2148 3161 suis
2176 3096 2241 3160 in
2267 3094 2551 3177 pluribus
2580 3095 2735 3161 locis
2764 3100 2895 3161 tam
2923 3095 3184 3179 Hystrie

819 3216 1030 3279 -quam
1064 3199 1270 3281 patrie
1299 3200 1446 3264 Fori
1473 3198 1646 3279 Julii,
1681 3216 1804 3279 que
1834 3215 2133 3280 suspense
2174 3202 2507 3263 teneantur
2536 3198 2695 3263 citra
2720 3216 2966 3264 omnem
3008 3200 3184 3264 novi·

835 3305 1052 3382 tatem,
1099 3302 1298 3367 donec
1344 3319 1452 3382 per
1495 3304 1713 3384 partes
1755 3300 2091 3365 mittantur
2136 3305 2419 3367 oratores
2462 3305 2530 3366 et
2571 3300 3021 3382 compositores
3052 3318 3182 3367 om-

831 3403 1007 3469 nium
1083 3422 1335 3471 earum:
1408 3404 1496 3469 Et
1555 3404 1720 3485 quod
1779 3402 2085 3468 Maiestas
2146 3420 2263 3468 sua
2318 3402 2381 3467 in
2447 3407 2725 3485 tempore
2782 3400 3183 3469 commodiori

839 3511 1138 3589 prompta
1181 3512 1280 3572 est
1322 3507 1602 3585 mittere;
1648 3512 1714 3573 et
1758 3507 1876 3572 hoc
1918 3507 2085 3571 idem
2126 3504 2317 3571 faciat
2342 3506 2682 3572 dominium
2725 3510 2839 3573 etc.
2931 3506 3185 3573 Oratori

840 3609 1036 3693 igitur
1073 3610 1359 3692 predicto
1399 3610 1849 3692 respondeatur
1889 3609 1957 3674 in
2002 3608 2169 3674 hunc
2210 3608 2480 3675 modum.

1046 3748 1448 3827 Quecumque
1493 3746 1673 3812 nobis
1705 3747 1995 3828 exposuit
2023 3746 2495 3830 Magnificencia
2537 3764 2653 3812 sua
2695 3748 2773 3813 de
2816 3746 3185 3831 periculosis
3272 3798 3281 3804 .

843 3850 1301 3915 conditionibus
1347 3868 1556 3914 rerum
1605 3848 2087 3915 christianarum
2130 3850 2457 3916 verissima
2498 3856 2679 3931 sunt,
2726 3855 2791 3916 et
2839 3852 3018 3917 nobis
3060 3851 3183 3916 iam

838 3952 1080 4033 pridem
1128 3954 1453 4034 explorata
1499 3956 1564 4017 et
1607 3952 1880 4035 cognita,
1909 3951 1975 4017 in
2006 3956 2253 4017 tantum
2297 3957 2371 4018 ut
2414 3970 2628 4019 earum
2658 3954 3011 4020 recordatio
3058 3971 3185 4018 non

834 4060 1049 4136 potest
1113 4054 1293 4120 nobis
1361 4071 1486 4119 non
1555 4072 1690 4121 esse
1736 4054 2205 4135 molestissima3
2251 4074 2375 4120 non
2440 4056 2590 4136 quia
2630 4056 2932 4123 molestus
2997 4056 3186 4120 fuerit

835 4156 1016 4222 nobis
1067 4174 1268 4222 sermo
1313 4162 1378 4222 ct
1443 4156 1748 4239 expositio
1819 4157 2099 4224 eiusdem
2159 4158 2460 4237 oratoris,
2513 4158 2638 4225 imo
2705 4158 3066 4240 gratissima
3122 4162 3187 4222 et

833 4260 1278 4342 acceptissima
1339 4260 1450 4325 illa
1515 4260 1666 4345 fuit,
1733 4264 1798 4326 et
1852 4266 2111 4343 propter
2156 4258 2734 4326 christianissimam
2776 4260 3187 4342 Imperatoris

833 4358 1194 4429 Maiestatis
1239 4368 1512 4429 mentem
1558 4366 1624 4429 et
1666 4362 2135 4444 dispositionem
2152 4412 2168 4442 ‚
2215 4370 2279 4429 et
2322 4366 2579 4445 propter
2638 4360 2966 4427 verborum
3024 4362 3188 4429 eius·

832 4464 984 4531 dem
1026 4468 1298 4532 oratoris
1343 4466 1585 4549 copiam
1639 4466 2009 4549 elegantiam
2076 4470 2143 4530 et
2200 4466 2617 4546 aptitudinem
2674 4464 3071 4547 singularem,
3115 4469 3189 4530 ut

831 4568 906 4633 in
949 4569 1261 4636 audiendo
1303 4567 1418 4635 illo
1447 4566 1786 4655 plurimum
1815 4568 2188 4636 senserimus
2214 4567 2641 4653 jocunditatis.
2730 4565 2855 4633 Sed
2898 4566 3191 4651 preteriti

2783 4686 2881 4742 13·
