3793 5187
1772 498 1981 600 EQ.-
2051 595 2061 600 -

694 715 831 777 tare
873 726 940 776 se
987 727 1072 790 se,
1121 712 1187 776 et
1232 709 1432 792 ipsum
1479 707 1816 774 exercitum
1862 708 2197 790 retrahere,
2244 715 2309 776 et
2352 711 2431 776 ad
2469 711 2719 793 propria
2748 731 3024 780 remeare

692 812 1078 891 deliberavit,
1127 830 1266 878 cum
1313 811 1658 877 intentione
1701 817 1913 877 tamen
1956 811 2119 877 sicut
2156 811 2357 878 fertur
2384 817 2661 896 tempore
2688 815 2850 881 veris
2880 835 3022 899 pro-

691 915 862 997 ximi,
908 933 1134 981 novum
1165 915 1500 981 exercitum
1532 915 1944 995 restaurandi,
1992 922 2057 981 et
2099 933 2317 982 rursus
2357 917 2654 983 adversus
2698 919 3023 987 iamdictos

695 1018 1175 1084 immanissimos
1220 1024 1466 1083 teucros
1511 1017 1572 1080 in
1617 1034 1829 1081 eorum
1874 1017 2179 1083 excidium
2222 1017 2535 1084 redeundi.
2612 1019 2698 1085 Et
2733 1021 2881 1089 licet
2909 1023 3021 1088 ha-

697 1119 955 1188 beamus
981 1119 1579 1186 Reverendissimum
1609 1118 1922 1184 dominum
1952 1118 2345 1186 cardinalem
2374 1119 2587 1187 Sancti
2614 1123 2835 1206 Angeli
2855 1126 3021 1207 Apo-

689 1223 910 1290 stolice
949 1222 1114 1290 sedis
1150 1221 1422 1304 legatum
1452 1239 1529 1285 ex
1557 1219 1882 1302 Hungaria
1910 1221 1975 1285 in
2004 1219 2254 1286 Italiam
2284 1225 2629 1304 venturum,
2677 1244 2877 1307 quem,
2919 1245 3021 1292 us·

688 1333 812 1410 que
865 1325 951 1392 ad
1009 1324 1228 1391 breves
1287 1323 1439 1403 dies,
1501 1321 1602 1388 hic
1651 1321 1929 1387 {uturum
1985 1323 2426 1404 existimamus,
2490 1325 2721 1394 Tamen
2774 1328 3023 1406 mittere

695 1427 1032 1495 statuimus
1061 1427 1142 1492 ad
1173 1429 1565 1508 conspectum
1609 1423 1804 1506 ipsius
1834 1423 2223 1492 serenissimi
2252 1426 2437 1510 Regis
2467 1428 2787 1512 Hungarie
2829 1449 3019 1497 unum

689 1530 1094 1600 secretarium
1139 1536 1420 1596 nostrum
1463 1529 1544 1595 ad
1591 1527 2055 1594 certificandum
2114 1530 2247 1595 eius
2300 1527 2711 1597 Serenitatem
2754 1534 2833 1599 de
2879 1553 3020 1617 pro-

690 1633 1036 1700 visionibus
1079 1637 1144 1697 et
1187 1630 1592 1714 apparatibus
1639 1629 1822 1695 factis
1863 1635 1933 1694 et
1974 1629 2193 1698 fiendis
2235 1649 2349 1714 pro
2380 1639 2764 1700 armamento
2808 1642 2874 1700 et
2916 1655 3020 1702 ex-

689 1736 1006 1821 peditione
1049 1733 1232 1800 huius
1275 1731 1586 1798 maritime
1615 1731 1848 1812 classis,
1894 1731 1981 1797 Et
2021 1732 2274 1817 insuper
2318 1735 2397 1800 ad
2436 1735 2905 1818 exhortandum,
2952 1745 3020 1804 et

689 1838 1104 1908 inducendum
1155 1835 1568 1902 Serenitatem
1633 1852 1827 1915 suam,
1887 1835 1967 1900 ad
2031 1835 2233 1918 ipsum
2282 1838 2619 1904 exercitum
2664 1843 3018 1907 terrestrem

690 1942 976 2010 celeriter
1018 1939 1380 2023 parandum,
1429 1942 1494 2003 et
1535 1937 1967 2020 potentissime
2004 1938 2573 2021 transmittendum,
2614 1941 2721 2024 qui
2751 1950 3020 2009 secreta-

693 2045 825 2112 rius
861 2049 1077 2112 noster
1109 2043 1232 2108 iam
1263 2041 1564 2121 discessit,
1609 2059 1685 2108 ac
1726 2045 1896 2106 recto
1931 2039 2156 2107 itinere
2183 2039 2552 2108 festinanter
2580 2043 2658 2108 ad
2690 2044 2885 2128 ipsius
2913 2045 3020 2110 Se-

688 2146 998 2216 renissimi
1025 2144 1213 2228 Regis
1243 2143 1620 2227 presentiam
1647 2143 2078 2226 proficiscitur.
2124 2143 2385 2224 Interea,
2424 2145 2479 2210 si
2515 2145 2614 2212 vel
2654 2164 2766 2229 per
2794 2147 3022 2214 adven·

689 2255 824 2317 tum
866 2247 1065 2333 ipsius
1105 2245 1337 2314 domini
1381 2245 1752 2324 cardinalis,
1809 2245 1907 2311 vel
1948 2243 2030 2311 ab
2072 2245 2207 2328 ipso
2252 2249 2585 2314 secretario
2629 2255 2863 2330 nostro,
2908 2255 3021 2315 aut

691 2353 876 2420 aliter
937 2349 1268 2435 quicquam
1323 2348 1578 2432 dignum
1637 2346 2001 2414 habebimus
2054 2365 2194 2414 cum
2236 2347 2568 2432 Magnifice
2622 2356 2870 2418 oratore
2913 2371 3016 2418 ve-

687 2461 820 2524 stro
862 2455 1114 2521 domino
1157 2454 1234 2519 de
1275 2451 1578 2517 VVanvm
1621 2450 1782 2534 (sic),
1843 2469 2023 2534 quem
2078 2451 2242 2517 sicut
2283 2452 2575 2532 scribitis,
2628 2471 2767 2520 cum
2818 2454 3016 2522 literis
3107 2458 3128 2542 ᾗ

693 2557 934 2641 cambii,
990 2574 1104 2641 pro
1144 2553 1422 2639 pecuniis
1463 2553 1542 2619 ad
1585 2571 1716 2619 rem
1777 2553 2144 2636 opportunis
2186 2553 2267 2620 ad
2298 2555 2683 2637 presentiam
2740 2561 3016 2625 nostram

687 2662 938 2729 mittere
964 2657 1278 2727 statuistis
1303 2675 1494 2740 quern
1526 2654 1746 2722 libenti
1789 2656 1994 2723 animo
2025 2656 2380 2738 videbimus
2426 2658 2659 2724 intuitu
2686 2658 3015 2727 celsitudi-

685 2766 786 2831 nis
807 2764 1054 2842 Vestre,
1097 2760 1306 2827 omnia
1332 2759 1413 2825 ad
1442 2758 1604 2826 hanc
1630 2758 1957 2825 materiam
1986 2759 2380 2843 pertinentia,
2424 2761 2714 2827 continue
2742 2761 3013 2829 confere·

686 2884 844 2949 mus,
873 2884 949 2933 ac
971 2862 1246 2931 fraterne
1273 2861 1814 2943 comunicabimus,
1839 2861 2082 2945 sibique
2109 2865 2176 2928 et
2202 2861 2457 2945 reliquis
2485 2864 2591 2945 qui
2622 2862 2740 2945 hic,
2767 2864 3015 2931 nomine

690 2966 1077 3043 Excellentie
1117 2965 1343 3032 Vestre
1383 2963 1666 3045 aderunt,
1724 2964 1888 3031 circa
1932 2969 2403 3045 armamentum,
2456 2970 2521 3031 et
2563 2966 3013 3049 expeditionem

692 3074 968 3158 ipsarum
1013 3076 1284 3155 quatuor
1325 3068 1660 3153 galearum,
1703 3070 1953 3136 nomine
1995 3072 2199 3134 vestre
2243 3067 2645 3136 Celsitudinis
2686 3071 3013 3136 armanda-

685 3196 845 3257 rum,
904 3172 1198 3259 quicquid
1240 3171 1486 3252 favoris,
1526 3178 1591 3238 et
1633 3171 1871 3238 comodi
1915 3169 2209 3254 possibile
2250 3170 2429 3238 nobis
2470 3171 2659 3238 fuerit
2700 3174 3012 3256 impende-

681 3298 838 3346 mus.
912 3277 1048 3345 Hec
1089 3282 1254 3355 sunt,
1298 3294 1418 3357 que
1448 3292 1574 3379 'pro
1619 3274 1927 3371 presenti2
1958 3276 2039 3341 ad
2067 3276 2525 3358 responsionem
2554 3274 2899 3357 literarum,
2944 3281 3010 3343 et

681 3380 1184 3449 informationem
1229 3376 1629 3444 Celsitudinis
1658 3376 1882 3442 Vestre
1925 3372 2091 3443 circa
2134 3378 2459 3445 materiam
2490 3378 2674 3444 huius
2701 3380 3013 3447 maritime

684 3482 920 3563 classis,
969 3486 1187 3549 eontra
1229 3478 1700 3546 nefandissimos
1736 3478 1950 3546 hostes
1992 3484 2255 3561 teucros,
2313 3480 2491 3546 nobis
2534 3486 2883 3563 occurrunt,
2930 3502 3007 3549 ex

681 3585 908 3670 quibus
945 3584 1330 3652 Excellentia
1373 3588 1584 3649 vestra
1627 3600 1870 3648 omnem
1914 3586 2149 3649 statum
2197 3582 2417 3650 harum
2472 3602 2676 3649 rerum
2721 3584 3010 3651 substan-

681 3689 920 3755 tialiter
961 3691 1027 3753 et
1067 3687 1334 3753 veridice
1370 3685 1604 3770 poterit
1645 3686 2010 3769 intelligere.

984 3805 1080 3873 De
1115 3810 1295 3891 parte
1362 3824 1590 3882 omnes.

983 3909 1078 3975 De
1120 3928 1244 3976 non
1532 3914 1592 3975 0.

983 4012 1126 4079 Non
1173 4012 1396 4079 sinceri
1531 4015 1591 4077 Ο.

982 4148 1248 4219 (Archiam
1284 4146 1342 4201 dn·
1375 4146 1530 4202 State
1565 4147 1618 4200 in
1654 4144 1896 4209 Venetia,

679 4232 1120 4290 Delibat-azioni
1156 4234 1375 4290 Senato
1413 4232 1652 4299 Secreti,
1698 4244 1849 4303 reg⁰-
1881 4233 1948 4286 16
1984 4248 2031 4287 c.
2059 4232 2175 4297 81.)
