<?xml version="1.0" encoding="UTF-8"?>
<!DOCTYPE html PUBLIC "-//W3C//DTD XHTML 1.0 Transitional//EN"
    "http://www.w3.org/TR/xhtml1/DTD/xhtml1-transitional.dtd">
<html xmlns="http://www.w3.org/1999/xhtml" xml:lang="en" lang="en">
 <head>
  <title>
</title>
<meta http-equiv="Content-Type" content="text/html;charset=utf-8" />
  <meta name='ocr-system' content='tesseract 3.04.00' />
  <meta name='ocr-capabilities' content='ocr_page ocr_carea ocr_par ocr_line ocrx_word'/>
</head>
<body>
  <div class='ocr_page' id='page_1' title='image "./fontesrerumpolo00unkngoog_0039.png"; bbox 0 0 3793 5187; ppageno 0'>
   <div class='ocr_carea' id='block_1_1' title="bbox 1888 369 1971 442">
    <p class='ocr_par' dir='ltr' id='par_1_1' title="bbox 1888 369 1971 442">
     <span class='ocr_line' id='line_1_1' title="bbox 1888 369 1971 442; baseline 0.024 -2"><span class='ocrx_word' id='word_1_1' title='bbox 1888 369 1971 442; x_wconf 77' lang='lat'><strong>32</strong></span> 
     </span>
    </p>
   </div>
   <div class='ocr_carea' id='block_1_2' title="bbox 1723 463 2133 475">
    <p class='ocr_par' dir='ltr' id='par_1_2' title="bbox 1723 463 2133 475">
     <span class='ocr_line' id='line_1_2' title="bbox 1723 463 2133 475; baseline 0 0"><span class='ocrx_word' id='word_1_2' title='bbox 1723 463 2133 475; x_wconf 95' lang='lat' dir='ltr'><strong> </strong></span> 
     </span>
    </p>
   </div>
   <div class='ocr_carea' id='block_1_3' title="bbox 758 580 3095 2104">
    <p class='ocr_par' dir='ltr' id='par_1_3' title="bbox 758 580 3095 1181">
     <span class='ocr_line' id='line_1_3' title="bbox 759 580 3093 665; baseline -0 -17"><span class='ocrx_word' id='word_1_3' title='bbox 759 601 1062 650; x_wconf 87' lang='lat' dir='ltr'><strong>summam</strong></span> <span class='ocrx_word' id='word_1_4' title='bbox 1103 581 1470 648; x_wconf 77' lang='lat' dir='ltr'>ducatorum</span> <span class='ocrx_word' id='word_1_5' title='bbox 1517 581 1610 645; x_wconf 74' lang='lat' dir='ltr'><strong>Lm</strong></span> <span class='ocrx_word' id='word_1_6' title='bbox 1651 586 1716 646; x_wconf 90' lang='lat' dir='ltr'><strong>et</strong></span> <span class='ocrx_word' id='word_1_7' title='bbox 1757 581 1901 647; x_wconf 87' lang='lat' dir='ltr'><strong>inde</strong></span> <span class='ocrx_word' id='word_1_8' title='bbox 1942 581 2106 648; x_wconf 88' lang='lat' dir='ltr'><strong>infra</strong></span> <span class='ocrx_word' id='word_1_9' title='bbox 2146 583 2559 649; x_wconf 82' lang='lat' dir='ltr'><strong>existentibus</strong></span> <span class='ocrx_word' id='word_1_10' title='bbox 2599 582 2753 665; x_wconf 90' lang='lat' dir='ltr'><strong>ipsis</strong></span> <span class='ocrx_word' id='word_1_11' title='bbox 2814 580 3093 665; x_wconf 86' lang='lat' dir='ltr'><strong>treuguis</strong></span> 
     </span>
     <span class='ocr_line' id='line_1_4' title="bbox 758 683 3095 769; baseline -0 -18"><span class='ocrx_word' id='word_1_12' title='bbox 758 706 798 751; x_wconf 90' lang='lat' dir='ltr'><strong>a</strong></span> <span class='ocrx_word' id='word_1_13' title='bbox 843 686 1116 769; x_wconf 91' lang='lat' dir='ltr'><strong>quinque</strong></span> <span class='ocrx_word' id='word_1_14' title='bbox 1157 685 1338 750; x_wconf 88' lang='lat' dir='ltr'><strong>annis</strong></span> <span class='ocrx_word' id='word_1_15' title='bbox 1382 703 1572 767; x_wconf 87' lang='lat' dir='ltr'><strong>supra</strong></span> <span class='ocrx_word' id='word_1_16' title='bbox 1613 690 1678 749; x_wconf 89' lang='lat' dir='ltr'><strong>et</strong></span> <span class='ocrx_word' id='word_1_17' title='bbox 1720 703 1845 750; x_wconf 90' lang='lat' dir='ltr'><strong>non</strong></span> <span class='ocrx_word' id='word_1_18' title='bbox 1888 683 2113 752; x_wconf 90' lang='lat' dir='ltr'><strong>abinde</strong></span> <span class='ocrx_word' id='word_1_19' title='bbox 2166 685 2329 752; x_wconf 88' lang='lat' dir='ltr'><strong>infra</strong></span> <span class='ocrx_word' id='word_1_20' title='bbox 2383 685 2509 751; x_wconf 93' lang='lat' dir='ltr'><strong>ullo</strong></span> <span class='ocrx_word' id='word_1_21' title='bbox 2552 686 2754 751; x_wconf 87' lang='lat' dir='ltr'><strong>modo.</strong></span> <span class='ocrx_word' id='word_1_22' title='bbox 2828 685 2917 750; x_wconf 87' lang='lat' dir='ltr'><strong>Et</strong></span> <span class='ocrx_word' id='word_1_23' title='bbox 2954 704 3095 751; x_wconf 88' lang='lat' dir='ltr'><strong>cum</strong></span> 
     </span>
     <span class='ocr_line' id='line_1_5' title="bbox 758 787 3092 872; baseline -0 -18"><span class='ocrx_word' id='word_1_24' title='bbox 758 790 1039 872; x_wconf 89' lang='lat' dir='ltr'><strong>predicta</strong></span> <span class='ocrx_word' id='word_1_25' title='bbox 1079 787 1370 854; x_wconf 87' lang='lat' dir='ltr'><strong>libertate</strong></span> <span class='ocrx_word' id='word_1_26' title='bbox 1412 807 1524 871; x_wconf 89' lang='lat' dir='ltr'><strong>per</strong></span> <span class='ocrx_word' id='word_1_27' title='bbox 1560 788 2095 870; x_wconf 82' lang='lat' dir='ltr'><strong>interpositionem</strong></span> <span class='ocrx_word' id='word_1_28' title='bbox 2142 789 2376 854; x_wconf 90' lang='lat' dir='ltr'><strong>domini</strong></span> <span class='ocrx_word' id='word_1_29' title='bbox 2420 789 2607 872; x_wconf 86' lang='lat' dir='ltr'><strong>Regis</strong></span> <span class='ocrx_word' id='word_1_30' title='bbox 2652 788 2907 855; x_wconf 89' lang='lat' dir='ltr'><strong>Polonie</strong></span> <span class='ocrx_word' id='word_1_31' title='bbox 2950 806 3092 853; x_wconf 87' lang='lat' dir='ltr'><strong>con-</strong></span> 
     </span>
     <span class='ocr_line' id='line_1_6' title="bbox 763 889 3095 974; baseline -0.002 -16"><span class='ocrx_word' id='word_1_32' title='bbox 763 892 1008 959; x_wconf 90' lang='lat' dir='ltr'><strong>cludere</strong></span> <span class='ocrx_word' id='word_1_33' title='bbox 1059 889 1300 974; x_wconf 88' lang='lat' dir='ltr'><strong>possint</strong></span> <span class='ocrx_word' id='word_1_34' title='bbox 1357 890 1726 956; x_wconf 87' lang='lat' dir='ltr'><strong>declarando</strong></span> <span class='ocrx_word' id='word_1_35' title='bbox 1788 895 1997 956; x_wconf 88' lang='lat' dir='ltr'><strong>tamen</strong></span> <span class='ocrx_word' id='word_1_36' title='bbox 2054 891 2219 974; x_wconf 91' lang='lat' dir='ltr'><strong>quod</strong></span> <span class='ocrx_word' id='word_1_37' title='bbox 2262 892 2328 957; x_wconf 92' lang='lat' dir='ltr'><strong>in</strong></span> <span class='ocrx_word' id='word_1_38' title='bbox 2371 892 2761 958; x_wconf 83' lang='lat' dir='ltr'><strong>conclusione</strong></span> <span class='ocrx_word' id='word_1_39' title='bbox 2804 897 3095 973; x_wconf 86' lang='lat' dir='ltr'><strong>treugua-</strong></span> 
     </span>
     <span class='ocr_line' id='line_1_7' title="bbox 760 993 3094 1077; baseline -0.001 -17"><span class='ocrx_word' id='word_1_40' title='bbox 760 1015 899 1060; x_wconf 91' lang='lat' dir='ltr'><strong>rum</strong></span> <span class='ocrx_word' id='word_1_41' title='bbox 965 995 1142 1061; x_wconf 89' lang='lat' dir='ltr'><strong>nobis</strong></span> <span class='ocrx_word' id='word_1_42' title='bbox 1205 995 1620 1060; x_wconf 82' lang='lat' dir='ltr'><strong>restituantur</strong></span> <span class='ocrx_word' id='word_1_43' title='bbox 1679 999 1845 1059; x_wconf 87' lang='lat' dir='ltr'><strong>terre</strong></span> <span class='ocrx_word' id='word_1_44' title='bbox 1900 997 1965 1060; x_wconf 90' lang='lat' dir='ltr'><strong>et</strong></span> <span class='ocrx_word' id='word_1_45' title='bbox 2017 993 2156 1060; x_wconf 85' lang='lat' dir='ltr'><strong>loca</strong></span> <span class='ocrx_word' id='word_1_46' title='bbox 2214 995 2493 1077; x_wconf 85' lang='lat' dir='ltr'><strong>predicta</strong></span> <span class='ocrx_word' id='word_1_47' title='bbox 2547 994 2725 1060; x_wconf 91' lang='lat' dir='ltr'><strong>nobis</strong></span> <span class='ocrx_word' id='word_1_48' title='bbox 2784 1013 2896 1077; x_wconf 87' lang='lat' dir='ltr'><strong>per</strong></span> <span class='ocrx_word' id='word_1_49' title='bbox 2950 1011 3094 1059; x_wconf 89' lang='lat' dir='ltr'><strong>suas</strong></span> 
     </span>
     <span class='ocr_line' id='line_1_8' title="bbox 759 1098 2447 1181; baseline -0.001 -17"><span class='ocrx_word' id='word_1_50' title='bbox 759 1103 975 1181; x_wconf 83' lang='lat' dir='ltr'><strong>gentes</strong></span> <span class='ocrx_word' id='word_1_51' title='bbox 1016 1098 1246 1163; x_wconf 87' lang='lat' dir='ltr'><strong>ablata.</strong></span> <span class='ocrx_word' id='word_1_52' title='bbox 2444 1159 2447 1162; x_wconf 78' lang='grc'><em>,</em></span> 
     </span>
    </p>

    <p class='ocr_par' dir='ltr' id='par_1_4' title="bbox 758 1199 3093 2003">
     <span class='ocr_line' id='line_1_9' title="bbox 966 1199 3091 1282; baseline 0 -17"><span class='ocrx_word' id='word_1_53' title='bbox 966 1200 1149 1266; x_wconf 87' lang='lat' dir='ltr'><strong>Circa</strong></span> <span class='ocrx_word' id='word_1_54' title='bbox 1198 1200 1322 1265; x_wconf 89' lang='lat' dir='ltr'><strong>alia</strong></span> <span class='ocrx_word' id='word_1_55' title='bbox 1379 1204 1588 1265; x_wconf 87' lang='lat' dir='ltr'><strong>autem</strong></span> <span class='ocrx_word' id='word_1_56' title='bbox 1648 1204 1780 1266; x_wconf 90' lang='lat' dir='ltr'><strong>tam</strong></span> <span class='ocrx_word' id='word_1_57' title='bbox 1837 1201 1902 1265; x_wconf 91' lang='lat' dir='ltr'><strong>in</strong></span> <span class='ocrx_word' id='word_1_58' title='bbox 1950 1199 2114 1265; x_wconf 91' lang='lat' dir='ltr'><strong>facto</strong></span> <span class='ocrx_word' id='word_1_59' title='bbox 2174 1200 2539 1267; x_wconf 80' lang='lat' dir='ltr'><strong>ducatorum</strong></span> <span class='ocrx_word' id='word_1_60' title='bbox 2584 1201 2683 1266; x_wconf 86' lang='lat' dir='ltr'><strong>X¹¹¹</strong></span> <span class='ocrx_word' id='word_1_61' title='bbox 2731 1200 3091 1282; x_wconf 86' lang='lat' dir='ltr'><strong>dispensan-</strong></span> 
     </span>
     <span class='ocr_line' id='line_1_10' title="bbox 759 1303 3091 1385; baseline 0 -16"><span class='ocrx_word' id='word_1_62' title='bbox 759 1305 979 1369; x_wconf 89' lang='lat' dir='ltr'><strong>dorum</strong></span> <span class='ocrx_word' id='word_1_63' title='bbox 1023 1303 1089 1367; x_wconf 92' lang='lat' dir='ltr'><strong>in</strong></span> <span class='ocrx_word' id='word_1_64' title='bbox 1134 1303 1258 1368; x_wconf 90' lang='lat' dir='ltr'><strong>illis</strong></span> <span class='ocrx_word' id='word_1_65' title='bbox 1302 1303 1582 1384; x_wconf 89' lang='lat' dir='ltr'><strong>personis</strong></span> <span class='ocrx_word' id='word_1_66' title='bbox 1627 1321 1746 1385; x_wconf 90' lang='lat' dir='ltr'><strong>que</strong></span> <span class='ocrx_word' id='word_1_67' title='bbox 1789 1303 1977 1368; x_wconf 89' lang='lat' dir='ltr'><strong>utiles</strong></span> <span class='ocrx_word' id='word_1_68' title='bbox 2014 1304 2371 1369; x_wconf 86' lang='lat' dir='ltr'><strong>viderentur</strong></span> <span class='ocrx_word' id='word_1_69' title='bbox 2414 1304 2495 1370; x_wconf 90' lang='lat' dir='ltr'><strong>ad</strong></span> <span class='ocrx_word' id='word_1_70' title='bbox 2538 1303 2939 1370; x_wconf 88' lang='lat' dir='ltr'><strong>obtinendam</strong></span> <span class='ocrx_word' id='word_1_71' title='bbox 2982 1322 3091 1370; x_wconf 91' lang='lat' dir='ltr'><strong>no-</strong></span> 
     </span>
     <span class='ocr_line' id='line_1_11' title="bbox 759 1404 3091 1488; baseline 0 -17"><span class='ocrx_word' id='word_1_72' title='bbox 759 1413 954 1471; x_wconf 84' lang='lat' dir='ltr'><strong>stram</strong></span> <span class='ocrx_word' id='word_1_73' title='bbox 997 1405 1422 1484; x_wconf 79' lang='lat' dir='ltr'><strong>intentionem,</strong></span> <span class='ocrx_word' id='word_1_74' title='bbox 1485 1410 1550 1470; x_wconf 91' lang='lat' dir='ltr'><strong>et</strong></span> <span class='ocrx_word' id='word_1_75' title='bbox 1591 1405 1656 1470; x_wconf 90' lang='lat' dir='ltr'><strong>in</strong></span> <span class='ocrx_word' id='word_1_76' title='bbox 1699 1404 1862 1471; x_wconf 86' lang='lat' dir='ltr'><strong>facto</strong></span> <span class='ocrx_word' id='word_1_77' title='bbox 1906 1407 2223 1488; x_wconf 85' lang='lat' dir='ltr'><strong>galearum</strong></span> <span class='ocrx_word' id='word_1_78' title='bbox 2265 1407 2827 1488; x_wconf 87' lang='lat' dir='ltr'><strong>promittendarum</strong></span> <span class='ocrx_word' id='word_1_79' title='bbox 2876 1411 3091 1473; x_wconf 88' lang='lat' dir='ltr'><strong>contra</strong></span> 
     </span>
     <span class='ocr_line' id='line_1_12' title="bbox 759 1506 3092 1594; baseline 0.001 -21"><span class='ocrx_word' id='word_1_80' title='bbox 759 1508 1054 1588; x_wconf 80' lang='lat' dir='ltr'><strong>infideleS,</strong></span> <span class='ocrx_word' id='word_1_81' title='bbox 1100 1511 1166 1572; x_wconf 91' lang='lat' dir='ltr'><strong>et</strong></span> <span class='ocrx_word' id='word_1_82' title='bbox 1207 1507 1274 1572; x_wconf 91' lang='lat' dir='ltr'><strong>in</strong></span> <span class='ocrx_word' id='word_1_83' title='bbox 1319 1506 1484 1572; x_wconf 87' lang='lat' dir='ltr'><strong>facto</strong></span> <span class='ocrx_word' id='word_1_84' title='bbox 1516 1511 2154 1575; x_wconf 87' lang='lat' dir='ltr'><strong>recommendatorum</strong></span> <span class='ocrx_word' id='word_1_85' title='bbox 2183 1515 2539 1576; x_wconf 89' lang='lat' dir='ltr'><strong>nostrorum</strong></span> <span class='ocrx_word' id='word_1_86' title='bbox 2583 1529 2657 1577; x_wconf 86' lang='lat' dir='ltr'><strong>ac</strong></span> <span class='ocrx_word' id='word_1_87' title='bbox 2697 1511 2763 1576; x_wconf 90' lang='lat' dir='ltr'><strong>in</strong></span> <span class='ocrx_word' id='word_1_88' title='bbox 2801 1511 2943 1577; x_wconf 89' lang='lat' dir='ltr'><strong>aliis</strong></span> <span class='ocrx_word' id='word_1_89' title='bbox 2972 1529 3092 1594; x_wconf 89' lang='lat' dir='ltr'><strong>que</strong></span> 
     </span>
     <span class='ocr_line' id='line_1_13' title="bbox 759 1611 3088 1695; baseline -0 -17"><span class='ocrx_word' id='word_1_90' title='bbox 759 1618 908 1678; x_wconf 88' lang='lat' dir='ltr'><strong>sunt</strong></span> <span class='ocrx_word' id='word_1_91' title='bbox 936 1615 1115 1676; x_wconf 86' lang='lat' dir='ltr'><strong>extra</strong></span> <span class='ocrx_word' id='word_1_92' title='bbox 1141 1611 1468 1677; x_wconf 83' lang='lat' dir='ltr'><strong>materiam</strong></span> <span class='ocrx_word' id='word_1_93' title='bbox 1507 1612 2010 1695; x_wconf 82' lang='lat' dir='ltr'><strong>suprascriptam,</strong></span> <span class='ocrx_word' id='word_1_94' title='bbox 2057 1612 2331 1678; x_wconf 81' lang='lat' dir='ltr'><strong>habeant</strong></span> <span class='ocrx_word' id='word_1_95' title='bbox 2382 1611 2552 1678; x_wconf 89' lang='lat' dir='ltr'><strong>illam</strong></span> <span class='ocrx_word' id='word_1_96' title='bbox 2596 1613 3088 1679; x_wconf 88' lang='lat' dir='ltr'><strong>commissionem</strong></span> 
     </span>
     <span class='ocr_line' id='line_1_14' title="bbox 759 1713 3092 1797; baseline 0 -16"><span class='ocrx_word' id='word_1_97' title='bbox 759 1720 826 1781; x_wconf 89' lang='lat' dir='ltr'><strong>et</strong></span> <span class='ocrx_word' id='word_1_98' title='bbox 865 1713 1217 1780; x_wconf 88' lang='lat' dir='ltr'><strong>libertatem</strong></span> <span class='ocrx_word' id='word_1_99' title='bbox 1275 1732 1397 1796; x_wconf 87' lang='lat' dir='ltr'><strong>que</strong></span> <span class='ocrx_word' id='word_1_100' title='bbox 1454 1718 1674 1779; x_wconf 85' lang='lat' dir='ltr'><strong>notata</strong></span> <span class='ocrx_word' id='word_1_101' title='bbox 1737 1719 1834 1779; x_wconf 88' lang='lat' dir='ltr'><strong>est</strong></span> <span class='ocrx_word' id='word_1_102' title='bbox 1895 1715 1958 1778; x_wconf 90' lang='lat' dir='ltr'><strong>in</strong></span> <span class='ocrx_word' id='word_1_103' title='bbox 2018 1721 2197 1797; x_wconf 87' lang='lat' dir='ltr'><strong>parte</strong></span> <span class='ocrx_word' id='word_1_104' title='bbox 2262 1734 2364 1781; x_wconf 86' lang='lat' dir='ltr'><strong>ser</strong></span> <span class='ocrx_word' id='word_1_105' title='bbox 2406 1715 2648 1782; x_wconf 86' lang='lat' dir='ltr'><strong>Nicolai</strong></span> <span class='ocrx_word' id='word_1_106' title='bbox 2692 1715 2938 1782; x_wconf 87' lang='lat' dir='ltr'><strong>Victuri</strong></span> <span class='ocrx_word' id='word_1_107' title='bbox 2994 1733 3092 1782; x_wconf 87' lang='lat' dir='ltr'><strong>sa-</strong></span> 
     </span>
     <span class='ocr_line' id='line_1_15' title="bbox 759 1815 3093 1901; baseline -0 -18"><span class='ocrx_word' id='word_1_108' title='bbox 759 1818 988 1901; x_wconf 91' lang='lat' dir='ltr'><strong>pientis</strong></span> <span class='ocrx_word' id='word_1_109' title='bbox 1033 1816 1310 1882; x_wconf 89' lang='lat' dir='ltr'><strong>Consilii.</strong></span> <span class='ocrx_word' id='word_1_110' title='bbox 1378 1815 1464 1880; x_wconf 88' lang='lat' dir='ltr'><strong>Et</strong></span> <span class='ocrx_word' id='word_1_111' title='bbox 1510 1835 1623 1898; x_wconf 91' lang='lat' dir='ltr'><strong>pro</strong></span> <span class='ocrx_word' id='word_1_112' title='bbox 1666 1817 1888 1882; x_wconf 92' lang='lat' dir='ltr'><strong>maiori</strong></span> <span class='ocrx_word' id='word_1_113' title='bbox 1930 1816 2364 1884; x_wconf 85' lang='lat' dir='ltr'><strong>informatione</strong></span> <span class='ocrx_word' id='word_1_114' title='bbox 2392 1837 2508 1883; x_wconf 88' lang='lat' dir='ltr'><strong>sua</strong></span> <span class='ocrx_word' id='word_1_115' title='bbox 2535 1818 2803 1884; x_wconf 84' lang='lat' dir='ltr'><strong>debeant</strong></span> <span class='ocrx_word' id='word_1_116' title='bbox 2834 1818 2926 1884; x_wconf 91' lang='lat' dir='ltr'><strong>eis</strong></span> <span class='ocrx_word' id='word_1_117' title='bbox 2955 1817 3093 1884; x_wconf 88' lang='lat' dir='ltr'><strong>dari</strong></span> 
     </span>
     <span class='ocr_line' id='line_1_16' title="bbox 758 1918 2055 2003; baseline -0.002 -17"><span class='ocrx_word' id='word_1_118' title='bbox 758 1921 938 2003; x_wconf 85' lang='lat' dir='ltr'><strong>copia</strong></span> <span class='ocrx_word' id='word_1_119' title='bbox 979 1919 1175 1986; x_wconf 88' lang='lat' dir='ltr'><strong>totius</strong></span> <span class='ocrx_word' id='word_1_120' title='bbox 1215 1918 1415 2001; x_wconf 87' lang='lat' dir='ltr'><strong>partis</strong></span> <span class='ocrx_word' id='word_1_121' title='bbox 1457 1919 1609 1986; x_wconf 89' lang='lat' dir='ltr'><strong>dicti</strong></span> <span class='ocrx_word' id='word_1_122' title='bbox 1652 1937 1754 1986; x_wconf 87' lang='lat' dir='ltr'><strong>ser</strong></span> <span class='ocrx_word' id='word_1_123' title='bbox 1795 1918 2055 1985; x_wconf 87' lang='lat' dir='ltr'><strong>Nicolai.</strong></span> 
     </span>
    </p>

    <p class='ocr_par' dir='ltr' id='par_1_5' title="bbox 1104 2022 1566 2104">
     <span class='ocr_line' id='line_1_17' title="bbox 1104 2022 1566 2104; baseline 0 -18"><span class='ocrx_word' id='word_1_124' title='bbox 1104 2022 1199 2088; x_wconf 91' lang='lat' dir='ltr'><strong>De</strong></span> <span class='ocrx_word' id='word_1_125' title='bbox 1241 2027 1421 2104; x_wconf 83' lang='lat' dir='ltr'><strong>parte</strong></span> <span class='ocrx_word' id='word_1_126' title='bbox 1469 2027 1566 2088; x_wconf 88' lang='lat'><strong>10.</strong></span> 
     </span>
    </p>
   </div>
   <div class='ocr_carea' id='block_1_4' title="bbox 748 2225 3091 4373">
    <p class='ocr_par' dir='ltr' id='par_1_6' title="bbox 756 2225 3083 2414">
     <span class='ocr_line' id='line_1_18' title="bbox 961 2225 3083 2310; baseline 0.001 -17"><span class='ocrx_word' id='word_1_127' title='bbox 961 2225 1075 2293; x_wconf 91' lang='lat' dir='ltr'><strong>Ser</strong></span> <span class='ocrx_word' id='word_1_128' title='bbox 1130 2225 1398 2292; x_wconf 88' lang='lat' dir='ltr'><strong>Sanctus</strong></span> <span class='ocrx_word' id='word_1_129' title='bbox 1440 2225 1708 2292; x_wconf 86' lang='lat' dir='ltr'><strong>Venerio</strong></span> <span class='ocrx_word' id='word_1_130' title='bbox 1761 2225 2012 2308; x_wconf 85' lang='lat' dir='ltr'><strong>sapiens</strong></span> <span class='ocrx_word' id='word_1_131' title='bbox 2068 2225 2325 2310; x_wconf 88' lang='lat' dir='ltr'><strong>Guerre,</strong></span> <span class='ocrx_word' id='word_1_132' title='bbox 2384 2245 2487 2295; x_wconf 85' lang='lat' dir='ltr'><strong>ser</strong></span> <span class='ocrx_word' id='word_1_133' title='bbox 2545 2227 2843 2294; x_wconf 89' lang='lat' dir='ltr'><strong>Nicolaus</strong></span> <span class='ocrx_word' id='word_1_134' title='bbox 2890 2228 3083 2295; x_wconf 87' lang='lat' dir='ltr'><strong>Geor-</strong></span> 
     </span>
     <span class='ocr_line' id='line_1_19' title="bbox 756 2329 1495 2414; baseline -0.005 -17"><span class='ocrx_word' id='word_1_135' title='bbox 756 2331 857 2414; x_wconf 86' lang='lat' dir='ltr'><strong>gio</strong></span> <span class='ocrx_word' id='word_1_136' title='bbox 900 2331 1145 2413; x_wconf 87' lang='lat' dir='ltr'><strong>sapiens</strong></span> <span class='ocrx_word' id='word_1_137' title='bbox 1191 2329 1495 2395; x_wconf 86' lang='lat' dir='ltr'><strong>ordinum.</strong></span> 
     </span>
    </p>

    <p class='ocr_par' dir='ltr' id='par_1_7' title="bbox 753 2431 3091 3427">
     <span class='ocr_line' id='line_1_20' title="bbox 961 2431 3091 2514; baseline -0 -15"><span class='ocrx_word' id='word_1_138' title='bbox 961 2432 1199 2499; x_wconf 90' lang='lat' dir='ltr'><strong>Volunt</strong></span> <span class='ocrx_word' id='word_1_139' title='bbox 1242 2433 1406 2514; x_wconf 91' lang='lat' dir='ltr'><strong>quod</strong></span> <span class='ocrx_word' id='word_1_140' title='bbox 1451 2431 1797 2498; x_wconf 88' lang='lat' dir='ltr'><strong>commissio</strong></span> <span class='ocrx_word' id='word_1_141' title='bbox 1841 2431 2122 2513; x_wconf 83' lang='lat' dir='ltr'><strong>predicta</strong></span> <span class='ocrx_word' id='word_1_142' title='bbox 2174 2451 2274 2497; x_wconf 87' lang='lat' dir='ltr'><strong>ser</strong></span> <span class='ocrx_word' id='word_1_143' title='bbox 2322 2432 2566 2499; x_wconf 88' lang='lat' dir='ltr'><strong>Nicolai</strong></span> <span class='ocrx_word' id='word_1_144' title='bbox 2595 2435 2859 2514; x_wconf 89' lang='lat' dir='ltr'><strong>Victuri,</strong></span> <span class='ocrx_word' id='word_1_145' title='bbox 2906 2435 3091 2500; x_wconf 88' lang='lat' dir='ltr'><strong>detur</strong></span> 
     </span>
     <span class='ocr_line' id='line_1_21' title="bbox 757 2533 3089 2619; baseline -0 -15"><span class='ocrx_word' id='word_1_146' title='bbox 757 2538 822 2604; x_wconf 92' lang='lat' dir='ltr'><strong>in</strong></span> <span class='ocrx_word' id='word_1_147' title='bbox 865 2541 1016 2603; x_wconf 84' lang='lat' dir='ltr'><strong>nota</strong></span> <span class='ocrx_word' id='word_1_148' title='bbox 1059 2540 1125 2602; x_wconf 88' lang='lat' dir='ltr'><strong>et</strong></span> <span class='ocrx_word' id='word_1_149' title='bbox 1162 2535 1412 2619; x_wconf 88' lang='lat' dir='ltr'><strong>scriptis</strong></span> <span class='ocrx_word' id='word_1_150' title='bbox 1442 2533 1966 2601; x_wconf 87' lang='lat' dir='ltr'><strong>ambaxiatoribus</strong></span> <span class='ocrx_word' id='word_1_151' title='bbox 2009 2534 2245 2602; x_wconf 91' lang='lat' dir='ltr'><strong>nostris</strong></span> <span class='ocrx_word' id='word_1_152' title='bbox 2294 2533 2639 2603; x_wconf 84' lang='lat' dir='ltr'><strong>formaliter</strong></span> <span class='ocrx_word' id='word_1_153' title='bbox 2681 2543 2756 2604; x_wconf 89' lang='lat' dir='ltr'><strong>ut</strong></span> <span class='ocrx_word' id='word_1_154' title='bbox 2796 2536 3089 2604; x_wconf 50' lang='lat' dir='ltr'><strong>informa*</strong></span> 
     </span>
     <span class='ocr_line' id='line_1_22' title="bbox 757 2638 3091 2724; baseline -0.001 -17"><span class='ocrx_word' id='word_1_155' title='bbox 757 2645 988 2708; x_wconf 86' lang='lat' dir='ltr'><strong>tionem</strong></span> <span class='ocrx_word' id='word_1_156' title='bbox 1037 2640 1378 2724; x_wconf 84' lang='lat' dir='ltr'><strong>plenariam</strong></span> <span class='ocrx_word' id='word_1_157' title='bbox 1421 2638 1692 2705; x_wconf 83' lang='lat' dir='ltr'><strong>habeant</strong></span> <span class='ocrx_word' id='word_1_158' title='bbox 1728 2643 1794 2704; x_wconf 89' lang='lat' dir='ltr'><strong>et</strong></span> <span class='ocrx_word' id='word_1_159' title='bbox 1836 2638 2001 2722; x_wconf 90' lang='lat' dir='ltr'><strong>quod</strong></span> <span class='ocrx_word' id='word_1_160' title='bbox 2031 2641 2365 2706; x_wconf 89' lang='lat' dir='ltr'><strong>secundum</strong></span> <span class='ocrx_word' id='word_1_161' title='bbox 2404 2641 2847 2706; x_wconf 85' lang='lat' dir='ltr'><strong>continentiam</strong></span> <span class='ocrx_word' id='word_1_162' title='bbox 2876 2645 2942 2706; x_wconf 91' lang='lat' dir='ltr'><strong>et</strong></span> <span class='ocrx_word' id='word_1_163' title='bbox 2967 2639 3091 2706; x_wconf 84' lang='lat' dir='ltr'><strong>for-</strong></span> 
     </span>
     <span class='ocr_line' id='line_1_23' title="bbox 756 2741 3090 2827; baseline -0.002 -16"><span class='ocrx_word' id='word_1_164' title='bbox 756 2764 920 2811; x_wconf 88' lang='lat' dir='ltr'><strong>mam</strong></span> <span class='ocrx_word' id='word_1_165' title='bbox 964 2745 1160 2827; x_wconf 89' lang='lat' dir='ltr'><strong>ipsius</strong></span> <span class='ocrx_word' id='word_1_166' title='bbox 1219 2745 1462 2827; x_wconf 90' lang='lat' dir='ltr'><strong>possint</strong></span> <span class='ocrx_word' id='word_1_167' title='bbox 1514 2742 1738 2807; x_wconf 89' lang='lat' dir='ltr'><strong>ducere</strong></span> <span class='ocrx_word' id='word_1_168' title='bbox 1797 2747 2137 2808; x_wconf 86' lang='lat' dir='ltr'><strong>tractatum</strong></span> <span class='ocrx_word' id='word_1_169' title='bbox 2180 2743 2260 2808; x_wconf 87' lang='lat' dir='ltr'><strong>ad</strong></span> <span class='ocrx_word' id='word_1_170' title='bbox 2304 2741 2587 2808; x_wconf 86' lang='lat' dir='ltr'><strong>effectum</strong></span> <span class='ocrx_word' id='word_1_171' title='bbox 2632 2747 2697 2808; x_wconf 87' lang='lat' dir='ltr'><strong>et</strong></span> <span class='ocrx_word' id='word_1_172' title='bbox 2739 2744 2821 2809; x_wconf 89' lang='lat' dir='ltr'><strong>ad</strong></span> <span class='ocrx_word' id='word_1_173' title='bbox 2864 2742 3090 2809; x_wconf 90' lang='lat' dir='ltr'><strong>bonam</strong></span> 
     </span>
     <span class='ocr_line' id='line_1_24' title="bbox 757 2844 3091 2927; baseline -0.002 -14"><span class='ocrx_word' id='word_1_174' title='bbox 757 2848 1226 2913; x_wconf 88' lang='lat' dir='ltr'><strong>conclusionem.</strong></span> <span class='ocrx_word' id='word_1_175' title='bbox 1317 2844 1501 2911; x_wconf 85' lang='lat' dir='ltr'><strong>Salvo</strong></span> <span class='ocrx_word' id='word_1_176' title='bbox 1546 2845 1710 2927; x_wconf 90' lang='lat' dir='ltr'><strong>quod</strong></span> <span class='ocrx_word' id='word_1_177' title='bbox 1764 2845 1830 2909; x_wconf 91' lang='lat' dir='ltr'><strong>in</strong></span> <span class='ocrx_word' id='word_1_178' title='bbox 1883 2844 2193 2927; x_wconf 88' lang='lat' dir='ltr'><strong>aliquibus</strong></span> <span class='ocrx_word' id='word_1_179' title='bbox 2249 2845 2538 2926; x_wconf 82' lang='lat' dir='ltr'><strong>capitulis</strong></span> <span class='ocrx_word' id='word_1_180' title='bbox 2594 2844 2983 2912; x_wconf 88' lang='lat' dir='ltr'><strong>modificetur</strong></span> <span class='ocrx_word' id='word_1_181' title='bbox 3025 2849 3091 2910; x_wconf 89' lang='lat' dir='ltr'><strong>et</strong></span> 
     </span>
     <span class='ocr_line' id='line_1_25' title="bbox 755 2946 3091 3033; baseline -0.001 -17"><span class='ocrx_word' id='word_1_182' title='bbox 755 2955 1024 3033; x_wconf 89' lang='lat' dir='ltr'><strong>ponatur</strong></span> <span class='ocrx_word' id='word_1_183' title='bbox 1066 2950 1133 3014; x_wconf 92' lang='lat' dir='ltr'><strong>in</strong></span> <span class='ocrx_word' id='word_1_184' title='bbox 1175 2949 1292 3013; x_wconf 86' lang='lat' dir='ltr'><strong>hac</strong></span> <span class='ocrx_word' id='word_1_185' title='bbox 1335 2947 1551 3013; x_wconf 86' lang='lat' dir='ltr'><strong>forma.</strong></span> <span class='ocrx_word' id='word_1_186' title='bbox 1627 2946 1714 3011; x_wconf 90' lang='lat' dir='ltr'><strong>Et</strong></span> <span class='ocrx_word' id='word_1_187' title='bbox 1755 2948 1957 3029; x_wconf 89' lang='lat' dir='ltr'><strong>primo</strong></span> <span class='ocrx_word' id='word_1_188' title='bbox 2000 2948 2165 3029; x_wconf 91' lang='lat' dir='ltr'><strong>quod</strong></span> <span class='ocrx_word' id='word_1_189' title='bbox 2220 2947 2326 3013; x_wconf 92' lang='lat' dir='ltr'><strong>ubi</strong></span> <span class='ocrx_word' id='word_1_190' title='bbox 2386 2948 2594 3029; x_wconf 84' lang='lat' dir='ltr'><strong>agitur</strong></span> <span class='ocrx_word' id='word_1_191' title='bbox 2649 2949 2881 3014; x_wconf 87' lang='lat' dir='ltr'><strong>mentio</strong></span> <span class='ocrx_word' id='word_1_192' title='bbox 2924 2949 3091 3031; x_wconf 92' lang='lat' dir='ltr'><strong>quod</strong></span> 
     </span>
     <span class='ocr_line' id='line_1_26' title="bbox 753 3049 3089 3136; baseline -0 -18"><span class='ocrx_word' id='word_1_193' title='bbox 753 3072 866 3136; x_wconf 89' lang='lat' dir='ltr'><strong>pro</strong></span> <span class='ocrx_word' id='word_1_194' title='bbox 910 3052 1096 3118; x_wconf 87' lang='lat' dir='ltr'><strong>terris</strong></span> <span class='ocrx_word' id='word_1_195' title='bbox 1157 3054 1222 3116; x_wconf 90' lang='lat' dir='ltr'><strong>et</strong></span> <span class='ocrx_word' id='word_1_196' title='bbox 1280 3050 1432 3115; x_wconf 91' lang='lat' dir='ltr'><strong>locis</strong></span> <span class='ocrx_word' id='word_1_197' title='bbox 1489 3049 1803 3115; x_wconf 86' lang='lat' dir='ltr'><strong>Dalmatie</strong></span> <span class='ocrx_word' id='word_1_198' title='bbox 1865 3049 2089 3115; x_wconf 84' lang='lat' dir='ltr'><strong>debeat</strong></span> <span class='ocrx_word' id='word_1_199' title='bbox 2140 3050 2399 3130; x_wconf 87' lang='lat' dir='ltr'><strong>exprimi</strong></span> <span class='ocrx_word' id='word_1_200' title='bbox 2444 3055 2509 3115; x_wconf 90' lang='lat' dir='ltr'><strong>et</strong></span> <span class='ocrx_word' id='word_1_201' title='bbox 2550 3051 2800 3115; x_wconf 86' lang='lat' dir='ltr'><strong>ascendi</strong></span> <span class='ocrx_word' id='word_1_202' title='bbox 2842 3052 3089 3133; x_wconf 88' lang='lat' dir='ltr'><strong>quando</strong></span> 
     </span>
     <span class='ocr_line' id='line_1_27' title="bbox 755 3151 3088 3235; baseline -0.001 -13"><span class='ocrx_word' id='word_1_203' title='bbox 755 3157 940 3222; x_wconf 79' lang='lat' dir='ltr'><strong>aliter</strong></span> <span class='ocrx_word' id='word_1_204' title='bbox 981 3153 1117 3220; x_wconf 88' lang='lat' dir='ltr'><strong>fieri</strong></span> <span class='ocrx_word' id='word_1_205' title='bbox 1167 3171 1292 3219; x_wconf 88' lang='lat' dir='ltr'><strong>non</strong></span> <span class='ocrx_word' id='word_1_206' title='bbox 1344 3158 1555 3235; x_wconf 86' lang='lat' dir='ltr'><strong>posset</strong></span> <span class='ocrx_word' id='word_1_207' title='bbox 1595 3172 1792 3235; x_wconf 89' lang='lat' dir='ltr'><strong>usque</strong></span> <span class='ocrx_word' id='word_1_208' title='bbox 1833 3153 1913 3217; x_wconf 84' lang='lat' dir='ltr'><strong>ad</strong></span> <span class='ocrx_word' id='word_1_209' title='bbox 1957 3170 2261 3218; x_wconf 89' lang='lat' dir='ltr'><strong>summam</strong></span> <span class='ocrx_word' id='word_1_210' title='bbox 2304 3152 2669 3218; x_wconf 90' lang='lat' dir='ltr'><strong>ducatorum</strong></span> <span class='ocrx_word' id='word_1_211' title='bbox 2726 3151 2927 3218; x_wconf 74' lang='grc' dir='ltr'><strong>000Ιιῐι</strong></span> <span class='ocrx_word' id='word_1_212' title='bbox 2982 3156 3088 3220; x_wconf 89' lang='lat' dir='ltr'><strong>de-</strong></span> 
     </span>
     <span class='ocr_line' id='line_1_28' title="bbox 753 3254 3085 3340; baseline -0.001 -15"><span class='ocrx_word' id='word_1_213' title='bbox 753 3260 900 3326; x_wconf 89' lang='lat' dir='ltr'><strong>beat</strong></span> <span class='ocrx_word' id='word_1_214' title='bbox 941 3256 1202 3340; x_wconf 87' lang='lat' dir='ltr'><strong>exprimi</strong></span> <span class='ocrx_word' id='word_1_215' title='bbox 1244 3260 1311 3321; x_wconf 93' lang='lat' dir='ltr'><strong>et</strong></span> <span class='ocrx_word' id='word_1_216' title='bbox 1353 3256 1539 3322; x_wconf 89' lang='lat' dir='ltr'><strong>scribi</strong></span> <span class='ocrx_word' id='word_1_217' title='bbox 1582 3256 1648 3320; x_wconf 92' lang='lat' dir='ltr'><strong>in</strong></span> <span class='ocrx_word' id='word_1_218' title='bbox 1692 3255 2121 3321; x_wconf 86' lang='lat' dir='ltr'><strong>commissione</strong></span> <span class='ocrx_word' id='word_1_219' title='bbox 2164 3254 2362 3319; x_wconf 90' lang='lat' dir='ltr'><strong>solum</strong></span> <span class='ocrx_word' id='word_1_220' title='bbox 2420 3255 2500 3320; x_wconf 91' lang='lat' dir='ltr'><strong>de</strong></span> <span class='ocrx_word' id='word_1_221' title='bbox 2543 3273 2785 3322; x_wconf 91' lang='lat' dir='ltr'><strong>summa</strong></span> <span class='ocrx_word' id='word_1_222' title='bbox 2830 3255 2922 3321; x_wconf 71' lang='lat' dir='ltr'><strong>C¹³</strong></span> <span class='ocrx_word' id='word_1_223' title='bbox 2972 3258 3085 3322; x_wconf 86' lang='lat' dir='ltr'><strong>du·</strong></span> 
     </span>
     <span class='ocr_line' id='line_1_29' title="bbox 754 3367 1050 3427; baseline -0.014 1"><span class='ocrx_word' id='word_1_224' title='bbox 754 3367 1050 3427; x_wconf 85' lang='lat' dir='ltr'><strong>catorum.</strong></span> 
     </span>
    </p>

    <p class='ocr_par' dir='ltr' id='par_1_8' title="bbox 754 3458 3091 3751">
     <span class='ocr_line' id='line_1_30' title="bbox 959 3458 3089 3542; baseline 0 -15"><span class='ocrx_word' id='word_1_225' title='bbox 959 3461 1238 3528; x_wconf 86' lang='lat' dir='ltr'><strong>Secundo</strong></span> <span class='ocrx_word' id='word_1_226' title='bbox 1284 3461 1450 3542; x_wconf 90' lang='lat' dir='ltr'><strong>quod</strong></span> <span class='ocrx_word' id='word_1_227' title='bbox 1492 3479 1616 3526; x_wconf 90' lang='lat' dir='ltr'><strong>non</strong></span> <span class='ocrx_word' id='word_1_228' title='bbox 1661 3459 1774 3526; x_wconf 85' lang='lat' dir='ltr'><strong>fiat</strong></span> <span class='ocrx_word' id='word_1_229' title='bbox 1816 3460 2050 3525; x_wconf 88' lang='lat' dir='ltr'><strong>mentio</strong></span> <span class='ocrx_word' id='word_1_230' title='bbox 2110 3478 2225 3525; x_wconf 87' lang='lat' dir='ltr'><strong>nec</strong></span> <span class='ocrx_word' id='word_1_231' title='bbox 2273 3458 2659 3541; x_wconf 88' lang='lat' dir='ltr'><strong>specificetur</strong></span> <span class='ocrx_word' id='word_1_232' title='bbox 2701 3460 2765 3525; x_wconf 89' lang='lat' dir='ltr'><strong>in</strong></span> <span class='ocrx_word' id='word_1_233' title='bbox 2808 3462 3089 3527; x_wconf 90' lang='lat' dir='ltr'><strong>commis-</strong></span> 
     </span>
     <span class='ocr_line' id='line_1_31' title="bbox 759 3562 3091 3648; baseline -0.002 -16"><span class='ocrx_word' id='word_1_234' title='bbox 759 3567 931 3634; x_wconf 91' lang='lat' dir='ltr'><strong>sione</strong></span> <span class='ocrx_word' id='word_1_235' title='bbox 973 3564 1253 3648; x_wconf 86' lang='lat' dir='ltr'><strong>predicta</strong></span> <span class='ocrx_word' id='word_1_236' title='bbox 1296 3564 1376 3628; x_wconf 88' lang='lat' dir='ltr'><strong>de</strong></span> <span class='ocrx_word' id='word_1_237' title='bbox 1419 3562 1725 3629; x_wconf 87' lang='lat' dir='ltr'><strong>solutione</strong></span> <span class='ocrx_word' id='word_1_238' title='bbox 1765 3581 1975 3627; x_wconf 86' lang='lat' dir='ltr'><strong>annua</strong></span> <span class='ocrx_word' id='word_1_239' title='bbox 2026 3562 2189 3626; x_wconf 86' lang='lat' dir='ltr'><strong>VII¹¹¹</strong></span> <span class='ocrx_word' id='word_1_240' title='bbox 2226 3562 2591 3627; x_wconf 90' lang='lat' dir='ltr'><strong>ducatorum</strong></span> <span class='ocrx_word' id='word_1_241' title='bbox 2634 3580 2749 3628; x_wconf 90' lang='lat' dir='ltr'><strong>nec</strong></span> <span class='ocrx_word' id='word_1_242' title='bbox 2790 3568 3091 3645; x_wconf 85' lang='lat' dir='ltr'><strong>appareat</strong></span> 
     </span>
     <span class='ocr_line' id='line_1_32' title="bbox 754 3664 3069 3751; baseline -0.001 -17"><span class='ocrx_word' id='word_1_243' title='bbox 754 3669 990 3751; x_wconf 90' lang='lat' dir='ltr'><strong>aliquid</strong></span> <span class='ocrx_word' id='word_1_244' title='bbox 1035 3685 1146 3748; x_wconf 91' lang='lat' dir='ltr'><strong>per</strong></span> <span class='ocrx_word' id='word_1_245' title='bbox 1189 3664 1564 3747; x_wconf 86' lang='lat' dir='ltr'><strong>scripturam</strong></span> <span class='ocrx_word' id='word_1_246' title='bbox 1609 3665 1716 3730; x_wconf 90' lang='lat' dir='ltr'><strong>sed</strong></span> <span class='ocrx_word' id='word_1_247' title='bbox 1768 3668 2090 3729; x_wconf 82' lang='lat' dir='ltr'><strong>remaneat</strong></span> <span class='ocrx_word' id='word_1_248' title='bbox 2133 3664 2197 3728; x_wconf 90' lang='lat' dir='ltr'><strong>in</strong></span> <span class='ocrx_word' id='word_1_249' title='bbox 2244 3664 2529 3730; x_wconf 89' lang='lat' dir='ltr'><strong>manibus</strong></span> <span class='ocrx_word' id='word_1_250' title='bbox 2582 3664 3069 3731; x_wconf 81' lang='lat' dir='ltr'><strong>ambasiatorum</strong></span> 
     </span>
    </p>

    <p class='ocr_par' dir='ltr' id='par_1_9' title="bbox 748 3765 3088 4159">
     <span class='ocr_line' id='line_1_33' title="bbox 958 3765 3071 3850; baseline -0.001 -15"><span class='ocrx_word' id='word_1_251' title='bbox 958 3769 1173 3835; x_wconf 85' lang='lat' dir='ltr'><strong>Tercio</strong></span> <span class='ocrx_word' id='word_1_252' title='bbox 1214 3785 1343 3832; x_wconf 90' lang='lat' dir='ltr'><strong>non</strong></span> <span class='ocrx_word' id='word_1_253' title='bbox 1391 3771 1488 3832; x_wconf 88' lang='lat' dir='ltr'><strong>est</strong></span> <span class='ocrx_word' id='word_1_254' title='bbox 1539 3770 1955 3849; x_wconf 90' lang='lat' dir='ltr'><strong>opportunum</strong></span> <span class='ocrx_word' id='word_1_255' title='bbox 2004 3765 2205 3831; x_wconf 89' lang='lat' dir='ltr'><strong>facere</strong></span> <span class='ocrx_word' id='word_1_256' title='bbox 2253 3767 2628 3832; x_wconf 85' lang='lat' dir='ltr'><strong>mentionem</strong></span> <span class='ocrx_word' id='word_1_257' title='bbox 2670 3767 2749 3831; x_wconf 90' lang='lat' dir='ltr'><strong>de</strong></span> <span class='ocrx_word' id='word_1_258' title='bbox 2792 3767 3071 3850; x_wconf 85' lang='lat' dir='ltr'><strong>treuguis</strong></span> 
     </span>
     <span class='ocr_line' id='line_1_34' title="bbox 748 3869 3065 3959; baseline -0.003 -18"><span class='ocrx_word' id='word_1_259' title='bbox 748 3894 861 3959; x_wconf 89' lang='lat' dir='ltr'><strong>per</strong></span> <span class='ocrx_word' id='word_1_260' title='bbox 902 3874 1150 3939; x_wconf 92' lang='lat' dir='ltr'><strong>modum</strong></span> <span class='ocrx_word' id='word_1_261' title='bbox 1183 3874 1469 3944; x_wconf 88' lang='lat' dir='ltr'><strong>notatum</strong></span> <span class='ocrx_word' id='word_1_262' title='bbox 1516 3870 1580 3934; x_wconf 92' lang='lat' dir='ltr'><strong>in</strong></span> <span class='ocrx_word' id='word_1_263' title='bbox 1621 3870 1789 3935; x_wconf 87' lang='lat' dir='ltr'><strong>dicta</strong></span> <span class='ocrx_word' id='word_1_264' title='bbox 1817 3870 2259 3950; x_wconf 89' lang='lat' dir='ltr'><strong>commissione,</strong></span> <span class='ocrx_word' id='word_1_265' title='bbox 2306 3870 2415 3935; x_wconf 86' lang='lat' dir='ltr'><strong>sed</strong></span> <span class='ocrx_word' id='word_1_266' title='bbox 2444 3872 2835 3935; x_wconf 88' lang='lat' dir='ltr'><strong>removeatur</strong></span> <span class='ocrx_word' id='word_1_267' title='bbox 2861 3869 3065 3951; x_wconf 90' lang='lat' dir='ltr'><strong>ipsum</strong></span> 
     </span>
     <span class='ocr_line' id='line_1_35' title="bbox 755 3971 3088 4060; baseline -0.002 -18"><span class='ocrx_word' id='word_1_268' title='bbox 755 3976 1097 4060; x_wconf 89' lang='lat' dir='ltr'><strong>capitulum</strong></span> <span class='ocrx_word' id='word_1_269' title='bbox 1140 3974 1431 4056; x_wconf 90' lang='lat' dir='ltr'><strong>quoniam</strong></span> <span class='ocrx_word' id='word_1_270' title='bbox 1469 3972 1570 4038; x_wconf 91' lang='lat' dir='ltr'><strong>hic</strong></span> <span class='ocrx_word' id='word_1_271' title='bbox 1611 3972 1870 4039; x_wconf 88' lang='lat' dir='ltr'><strong>inferius</strong></span> <span class='ocrx_word' id='word_1_272' title='bbox 1900 3974 2235 4039; x_wconf 83' lang='lat' dir='ltr'><strong>denotatur</strong></span> <span class='ocrx_word' id='word_1_273' title='bbox 2267 3971 2606 4055; x_wconf 85' lang='lat' dir='ltr'><strong>capitulum</strong></span> <span class='ocrx_word' id='word_1_274' title='bbox 2637 3971 3088 4038; x_wconf 88' lang='lat' dir='ltr'><strong>observandum</strong></span> 
     </span>
     <span class='ocr_line' id='line_1_36' title="bbox 751 4076 1666 4159; baseline -0.002 -15"><span class='ocrx_word' id='word_1_275' title='bbox 751 4080 816 4144; x_wconf 91' lang='lat' dir='ltr'><strong>in</strong></span> <span class='ocrx_word' id='word_1_276' title='bbox 859 4078 1024 4144; x_wconf 85' lang='lat' dir='ltr'><strong>facto</strong></span> <span class='ocrx_word' id='word_1_277' title='bbox 1072 4082 1332 4159; x_wconf 80' lang='lat' dir='ltr'><strong>treugae</strong></span> <span class='ocrx_word' id='word_1_278' title='bbox 1374 4076 1666 4159; x_wconf 85' lang='lat' dir='ltr'><strong>predicte.</strong></span> 
     </span>
    </p>

    <p class='ocr_par' dir='ltr' id='par_1_10' title="bbox 757 4175 3089 4373">
     <span class='ocr_line' id='line_1_37' title="bbox 954 4175 3089 4263; baseline -0.001 -18"><span class='ocrx_word' id='word_1_279' title='bbox 954 4182 1188 4260; x_wconf 83' lang='lat' dir='ltr'><strong>Quarto</strong></span> <span class='ocrx_word' id='word_1_280' title='bbox 1233 4180 1401 4263; x_wconf 88' lang='lat' dir='ltr'><strong>quod</strong></span> <span class='ocrx_word' id='word_1_281' title='bbox 1445 4178 1549 4243; x_wconf 91' lang='lat' dir='ltr'><strong>ubi</strong></span> <span class='ocrx_word' id='word_1_282' title='bbox 1595 4178 1802 4260; x_wconf 85' lang='lat' dir='ltr'><strong>agitur</strong></span> <span class='ocrx_word' id='word_1_283' title='bbox 1843 4177 2077 4242; x_wconf 88' lang='lat' dir='ltr'><strong>mentio</strong></span> <span class='ocrx_word' id='word_1_284' title='bbox 2126 4176 2202 4241; x_wconf 85' lang='lat' dir='ltr'><strong>dc</strong></span> <span class='ocrx_word' id='word_1_285' title='bbox 2248 4176 2637 4242; x_wconf 85' lang='lat' dir='ltr'><strong>concessione</strong></span> <span class='ocrx_word' id='word_1_286' title='bbox 2666 4175 2986 4257; x_wconf 82' lang='lat' dir='ltr'><strong>galearum</strong></span> <span class='ocrx_word' id='word_1_287' title='bbox 3023 4176 3089 4243; x_wconf 89' lang='lat' dir='ltr'><strong>in</strong></span> 
     </span>
     <span class='ocr_line' id='line_1_38' title="bbox 757 4280 3089 4373; baseline -0.002 -22"><span class='ocrx_word' id='word_1_288' title='bbox 757 4284 1042 4373; x_wconf 86' lang='lat' dir='ltr'><strong>partibus</strong></span> <span class='ocrx_word' id='word_1_289' title='bbox 1073 4284 1304 4366; x_wconf 84' lang='lat' dir='ltr'><strong>Grctie,</strong></span> <span class='ocrx_word' id='word_1_290' title='bbox 1354 4283 1572 4351; x_wconf 84' lang='lat' dir='ltr'><strong>volunt</strong></span> <span class='ocrx_word' id='word_1_291' title='bbox 1613 4282 1927 4365; x_wconf 85' lang='lat' dir='ltr'><strong>sapientes</strong></span> <span class='ocrx_word' id='word_1_292' title='bbox 1964 4280 2228 4363; x_wconf 89' lang='lat' dir='ltr'><strong>predicti</strong></span> <span class='ocrx_word' id='word_1_293' title='bbox 2260 4281 2424 4363; x_wconf 89' lang='lat' dir='ltr'><strong>quod</strong></span> <span class='ocrx_word' id='word_1_294' title='bbox 2452 4281 2570 4346; x_wconf 89' lang='lat' dir='ltr'><strong>hoc</strong></span> <span class='ocrx_word' id='word_1_295' title='bbox 2606 4280 2949 4363; x_wconf 87' lang='lat' dir='ltr'><strong>capitulum</strong></span> <span class='ocrx_word' id='word_1_296' title='bbox 2976 4282 3089 4347; x_wconf 89' lang='lat' dir='ltr'><strong>ha-</strong></span> 
     </span>
    </p>
   </div>
  </div>
 </body>
</html>
