3793 5187
1810 516 1891 581 79

1656 806 2042 881 XXXIX.

1416 942 1847 1012 mccccxum.
1890 943 1986 1009 die
2029 944 2113 1009 vl.
2161 942 2368 1009 Martii.

892 1112 1260 1179 Commissio
1307 1112 1741 1194 circumspecti
1780 1114 1900 1177 viri
1946 1110 2249 1177 Johannis
2295 1111 2372 1175 de
2415 1110 2857 1193 Regnardatis.

888 1234 927 1300 J
932 1233 1225 1298 ohannes
1294 1232 1664 1299 Mandamus
1712 1232 1825 1297 tibi
1872 1230 2043 1313 quod
2077 1250 2215 1295 cum
2246 1230 2412 1295 omni
2443 1230 2770 1295 celeritate
2797 1231 3006 1311 possi-

684 1336 795 1401 bili
843 1355 957 1417 per
1001 1336 1165 1400 viam
1211 1334 1438 1417 Segne,
1514 1353 1701 1417 quam
1768 1335 2088 1400 meliorem
2135 1340 2198 1399 et
2236 1333 2588 1398 breviorem
2641 1350 2780 1398 esse
2826 1336 3006 1397 tene-

684 1457 843 1516 mus„
906 1436 1149 1502 Budam
1200 1442 1266 1500 te
1310 1436 1655 1501 transferre
1695 1436 1992 1513 soliciteS,
2055 1435 2160 1499 ubi
2203 1454 2318 1515 per
2381 1453 2460 1500 ea
2522 1453 2646 1515 que
2701 1434 3005 1500 habemus

686 1538 1106 1604 verisimiliter
1174 1539 1457 1603 invenies
1528 1537 2142 1603 Reverendissimum
2217 1537 2533 1602 (lominum
2607 1536 3004 1602 Cardinalem

685 1643 884 1707 sancti
928 1640 1173 1723 Angeli,
1217 1640 1499 1722 legatum
1545 1640 1976 1721 apostolicum,
2023 1658 2208 1719 quem
2253 1658 2394 1703 cum
2439 1638 2850 1704 Serenissimo
2890 1640 3004 1704 do-

684 1744 847 1808 mino
888 1743 1059 1823 Rege
1090 1742 1351 1807 Polonie
1398 1748 1462 1807 et
1504 1743 1827 1824 Hungarie
1872 1742 2018 1807 illuc
2065 1742 2394 1807 advenisse
2441 1746 2743 1820 tenemus,
2792 1740 3002 1806 dabis-

688 1864 811 1925 que
858 1862 1110 1925 operam
1156 1851 1220 1909 te
1266 1844 1656 1909 conferrendi
1718 1844 1799 1909 ad
1856 1844 2238 1925 presentiam
2305 1862 2416 1909 sue
2461 1843 3004 1909 Reverendissime

690 1948 1125 2022 PaternitatiS,
1174 1948 1274 2012 cui
1320 1948 1701 2029 presentatis
1745 1947 1977 2012 litteris
2021 1948 2252 2012 nostris
2285 1946 2695 2024 c1·edulitatiS‚
2741 1946 2856 2010 tibi
2893 1965 3002 2009 ex-

685 2048 921 2127 bibitis,
968 2048 1279 2131 factisque
1322 2049 1445 2115 illis
1488 2049 1883 2130 amplissimis
1921 2048 2402 2113 salutationibus
2447 2055 2511 2113 et
2555 2046 2998 2127 oblationibuS,

685 2167 842 2230 quas
886 2150 1179 2233 dignitati
1224 2170 1336 2217 sue
1370 2151 1892 2217 Reverendissme
1937 2153 2346 2216 paternitatis
2387 2155 2452 2216 et
2488 2156 2704 2216 nostre
2747 2152 3000 2216 noveris

686 2254 1001 2337 expedire,
1044 2256 1247 2321 nostri
1286 2260 1469 2337 parte
1516 2274 1819 2337 expones:
1870 2256 2050 2333 Quod
2095 2255 2312 2319 ultime
2348 2254 2580 2333 littere,
2629 2270 2786 2333 quas
2816 2271 2857 2317 a
2885 2272 3002 2318 sua

682 2354 816 2419 Rev
828 2372 878 2409 a.
921 2356 1347 2423 dominatione
1391 2358 1768 2437 accepimus,
1827 2356 1976 2421 date
2019 2356 2273 2422 fuerunt
2315 2356 2483 2436 apud
2527 2354 2828 2437 Sophiam
2869 2354 2999 2419 1111

685 2458 1033 2525 decembris
1076 2462 1384 2542 preteriti,
1450 2460 1675 2541 quibus
1734 2460 1920 2525 libuit
1977 2461 2054 2538 ei,
2119 2477 2236 2541 pro
2278 2459 2514 2541 ingenti
2569 2474 2688 2522 sua
2731 2456 2999 2521 caritate

684 2564 748 2626 et
801 2560 1127 2628 affectione
1187 2563 1270 2628 ad
1325 2581 1441 2628 nos
1498 2566 1564 2628 et
1624 2566 1908 2628 nostram
1973 2580 2104 2627 rem
2164 2560 2497 2644 publicam,
2554 2559 2826 2626 reddere
2881 2577 2998 2625 nos

681 2664 1023 2745 participes
1070 2664 1147 2729 de
1190 2665 1521 2730 excellenti
1569 2669 1635 2730 et
1676 2665 1954 2746 gloriosa
2011 2665 2296 2744 victoria,
2369 2682 2555 2744 quam
2607 2661 2998 2743 omnipotens

680 2765 874 2845 Deus,
934 2765 1257 2830 dexteram
1304 2785 1416 2831 sue
1464 2767 1761 2832 immense
1806 2768 2058 2832 virtutis
2111 2765 2473 2844 extendenS,
2519 2782 2633 2830 sue
2675 2763 2997 2829 Reveren-

684 2867 937 2934 dissime
980 2868 1363 2934 Paternitati
1406 2887 1480 2934 ac
1522 2869 1611 2934 illi
1650 2870 1952 2934 exercitui
2001 2869 2234 2933 Christi
2277 2867 2553 2933 fidelium
2595 2870 2818 2932 contra
2859 2883 3000 2947 per-

681 2968 843 3035 fidos
906 2976 1159 3036 teucros
1226 2973 1567 3038 concedere
1622 2973 1917 3054 dignatus
1965 2979 2082 3038 est.
2153 2968 2726 3037 Intervenientibus
2769 2970 2834 3033 in
2875 2966 2998 3033 hoc

682 3071 869 3136 etiam
902 3071 1435 3138 excellentissimis
1476 3073 1791 3155 operibus,
1835 3075 2146 3156 sapientia
2189 3079 2254 3138 et
2301 3071 2621 3138 laboribus
2649 3089 2764 3136 sue
2790 3069 2998 3134 Reve-

680 3173 1047 3238 rendissime
1092 3173 1520 3255 PaternitatiS,
1584 3195 1699 3258 pro
1748 3176 1973 3258 quibus
2019 3183 2188 3242 certe
2232 3174 2400 3257 apud
2441 3175 2647 3239 Deum
2691 3179 2756 3238 et
2797 3172 2996 3236 homi-

682 3293 793 3340 nes
836 3295 1137 3342 summam
1200 3278 1449 3345 laudem
1518 3285 1889 3346 consecutus
1937 3285 2052 3358 est,
2121 3280 2199 3344 de
2248 3297 2374 3360 qua
2415 3276 2668 3360 quidem
2711 3276 2997 3354 victoria,

684 3381 980 3458 quantum
1020 3380 1209 3445 animi
1252 3381 1518 3446 letitiam
1560 3384 2018 3464 susceperimus
2059 3381 2364 3464 profecto,
2410 3381 2512 3446 vel
2557 3380 2796 3446 calamo
2841 3379 2996 3446 scri-

680 3479 833 3546 bere
878 3481 975 3548 vel
1032 3483 1245 3566 lingua
1310 3485 1661 3565 exprimere
1726 3504 1851 3550 non
1917 3504 2260 3568 possemus
2350 3485 2451 3549 Ad
2493 3483 2742 3549 easdem
2788 3486 2998 3546 autem

677 3580 895 3648 literas
942 3602 1055 3649 sue
1097 3584 1644 3652 Reverendissime
1687 3587 2146 3666 dominationis,
2219 3595 2366 3651 tunc
2417 3585 2678 3650 fecimus
2735 3601 2996 3666 respon-

682 3685 940 3762 sionem,
1000 3687 1163 3752 sicut
1227 3707 1343 3770 per
1409 3689 1782 3771 exemplum,
1853 3690 2022 3770 quod
2080 3690 2162 3753 ad
2205 3690 2298 3754 tui
2343 3689 2839 3754 advisatnentum
2882 3685 2998 3751 tibi

684 3787 823 3853 dari
849 3785 1129 3868 facimus,
1174 3790 1415 3870 poteris
1450 3790 1823 3872 intelligere,
1869 3809 1984 3872 per
2015 3807 2202 3870 quam
2234 3789 2485 3870 quidem
2527 3788 2998 3870 responsionem

682 3894 963 3954 nostram
1008 3907 1125 3956 sua
1173 3890 1723 3958 Reverendissima
1765 3891 2128 3957 Paternitas
2192 3893 2356 3957 clare
2399 3891 2610 3972 potuit
2651 3889 3000 3970 intelligere

682 3991 983 4072 optimam
1042 3997 1318 4058 mentem
1384 3994 1739 4076 ardensque
1792 3994 2170 4058 desiderium
2213 3998 2498 4058 nostrum
2543 3992 2626 4057 ad
2669 3991 2998 4074 porrigen-

684 4092 829 4157 dum
874 4111 1089 4158 omnes
1130 4094 1379 4160 favores
1422 4095 1757 4177 possibiles
1806 4096 1869 4161 in
1913 4095 2079 4160 facto
2125 4095 2448 4176 galearum
2495 4094 2744 4159 nomine
2774 4091 2999 4159 summi

678 4193 1013 4276 pontificis,
1080 4197 1181 4262 hic
1226 4199 1689 4278 amandarum,
1745 4202 1818 4263 ut
1858 4197 2214 4263 infidelibus
2282 4197 2520 4263 teucris
2587 4196 2999 4279 impediretur

680 4298 929 4363 omnino
973 4300 1277 4366 transitus
1322 4300 1399 4366 de
1444 4301 1597 4366 Asia
1638 4301 1700 4365 in
1740 4300 2064 4383 Europam
2109 4306 2174 4365 et
2219 4317 2580 4366 econverso.
2649 4298 2998 4364 Paravera-

680 4417 819 4464 mus
863 4404 1073 4466 autem
1117 4401 1282 4468 sicut
1324 4402 1513 4468 etiam
1551 4421 1715 4468 nunc
1754 4409 1986 4485 parata
2023 4409 2170 4468 sunt
2213 4419 2482 4484 corpora
2521 4401 2844 4484 galearum
2885 4418 2996 4466 no-
