3793 5187
1977 411 2060 476 62

882 609 1055 676 Rma.
1092 612 1459 678 Paternitas
1513 610 1741 678 fecerit
1801 630 1942 678 cum
1977 612 2324 694 Regalibus
2365 611 2671 692 predictis
2737 617 2804 676 et
2859 611 2996 676 aliis
3041 613 3212 694 prin-

884 712 1127 796 cipibus
1156 714 1405 780 illarum
1435 714 1730 796 partium,
1774 713 2104 780 laudamus
2149 714 2319 794 quod
2364 717 2669 795 sequatur
2699 713 2863 776 viam
2909 731 3086 778 suam
3129 713 3214 778 ad

882 820 1097 897 partes
1142 816 1463 897 predictas
1523 815 1944 896 horteturque
2003 819 2069 881 et
2127 815 2398 881 suadeat
2447 815 2572 880 illis
2627 812 3055 880 Serenissimis
3097 814 3212 880 do-

880 917 1065 982 minis
1110 917 1271 999 Regi
1320 922 1385 982 et
1425 917 1669 998 Regine
1714 922 1781 982 et
1820 917 1963 981 aliis
2004 916 2394 999 principibus
2441 922 2508 981 et
2548 914 2816 980 dominis
2857 914 3212 981 christianis

881 1017 965 1084 ad
1008 1018 1465 1100 providendum
1500 1019 1694 1084 saluti
1726 1017 2230 1096 christianitatiS‚
2275 1021 2348 1082 ut
2375 1017 2785 1099 prediximus,
2832 1021 2898 1081 et
2925 1017 3213 1099 gratissi-

878 1138 1049 1184 mum
1095 1120 1275 1186 nobis
1324 1121 1447 1186 erit
1494 1120 1771 1185 advisari
1818 1125 1883 1184 et
1921 1118 2246 1185 informari
2292 1118 2371 1184 de
2415 1119 2514 1185 his
2562 1137 2684 1200 que
2738 1137 2852 1202 per
2895 1137 3214 1185 accessum

881 1239 995 1286 sue
1036 1221 1112 1285 R.
1150 1220 1565 1286 Paternitatis
1609 1221 1691 1286 ad
1734 1226 1957 1301 partes
2023 1221 2164 1286 illas
2212 1226 2575 1302 sequeatur,
2641 1239 2714 1286 ac
2758 1219 3030 1300 qualiter
3073 1221 3214 1285 illos

881 1322 1092 1404 Reges
1137 1323 1455 1404 principes
1516 1327 1581 1387 et
1643 1323 1932 1388 dominos
1993 1323 2354 1404 reppererit
2397 1323 2740 1406 dispositos
2778 1328 2844 1388 et
2884 1322 2962 1387 de
3002 1322 3214 1403 provi-

883 1425 1185 1503 sionibu5‚
1233 1441 1355 1504 que
1397 1426 1488 1490 eis
1532 1424 1904 1490 viderentur
1950 1429 2016 1489 et
2057 1423 2310 1494 facient.
2399 1426 2562 1490 Nam
2601 1424 2959 1490 huiusmodi
3001 1424 3216 1489 habita

881 1525 1325 1592 informatione
1391 1527 1605 1592 sanius
1672 1531 1739 1592 et
1798 1527 2108 1592 maturius
2175 1525 2300 1608 hec·
2356 1529 2626 1593 materia
2686 1526 2922 1592 contuli
2977 1527 3214 1608 poterit

883 1629 1177 1708 quoniam
1238 1629 1531 1693 continue
1598 1629 1829 1693 erimus
1890 1627 2060 1692 illius
2113 1628 2533 1694 sincerissime
2578 1627 3026 1710 dispositionis
3089 1645 3216 1708 qua

884 1747 1135 1812 semper
1172 1729 1421 1809 fuimuS‚
1470 1730 1679 1794 omnia
1708 1727 1998 1808 faciendi,
2047 1748 2169 1810 que
2200 1730 2384 1796 nobis
2416 1730 2851 1795 convenientia
2879 1729 3212 1794 videantur

880 1848 997 1910 pro
1042 1831 1208 1896 bono
1256 1830 1597 1896 christiane
1640 1831 1988 1912 religionis„
2035 1837 2101 1897 et
2139 1836 2522 1914 augumento
2567 1837 2785 1897 sancte
2821 1828 2990 1896 fidei.

881 2032 1235 2108 verborum,
1282 2033 1509 2114 quibus
1555 2039 1811 2114 captum
1869 2039 1970 2099 est
2011 2036 2386 2116 responderi
2434 2035 2686 2100 domino
2734 2031 3020 2100 Serafino
3070 2051 3208 2099 ora-

878 2135 1004 2198 tori
1046 2132 1141 2198 Ri·
1186 2135 1421 2201 domini
1468 2137 1820 2203 Cardinalis
1862 2139 2230 2220 patriarche
2275 2138 2764 2219 Aquilegiensis.

1184 2253 1285 2318 De
1329 2259 1512 2335 parte
1650 2257 1793 2321 112.

1186 2353 1288 2416 De
1330 2372 1455 2419 non
1735 2359 1795 2421 2.

1186 2453 1330 2521 Non
1373 2455 1603 2522 sinceri
1736 2461 1791 2524 1.

1104 2569 1367 2641 (Archivio
1402 2573 1461 2629 di
1492 2573 1644 2630 Scato
1692 2575 1936 2642 Venezia,

993 2655 1212 2711 Senato
1260 2657 1501 2727 Socrati,
1546 2676 1671 2731 reg.
1708 2661 1776 2715 15
1820 2678 1869 2718 c.
1907 2662 2048 2731 116.)

1870 2932 2256 3011 XXVIII.

1065 3066 1451 3136 mccccxul.
1496 3070 1591 3137 die
1632 3070 1693 3137 ΙΙ.
1738 3071 1994 3138 ianuarii
2040 3076 2228 3149 (more
2271 3071 2531 3148 veneto).
2591 3070 2911 3138 indictione
2954 3072 3037 3137 νΙ.

1261 3236 1689 3304 Illustrissimo
1733 3239 1982 3306 domino
2026 3240 2170 3305 duci
2212 3239 2568 3322 Burgondie
2611 3244 2676 3305 et
2717 3243 2832 3305 cet.

1085 3352 1515 3421 Illustrissime
1554 3357 1838 3440 princeps
1868 3364 1936 3423 et
1963 3358 2501 3425 Excellentissime
2528 3358 2793 3423 domine.
2861 3356 3208 3423 Habuimus

886 3454 1054 3519 omni
1098 3460 1377 3538 tempore
1416 3459 1803 3541 gratissimas
1846 3461 2064 3526 literas
2103 3460 2490 3527 celsitudinis
2533 3464 2739 3525 vestre
2782 3476 2895 3541 pro
2939 3476 3210 3540 quacun-

885 3574 1007 3637 que
1051 3574 1240 3622 causa
1298 3558 1475 3624 nobis
1534 3562 1817 3641 scriptae,
1884 3562 1992 3627 sed
2051 3580 2158 3628 eas
2215 3580 2372 3643 quas
2433 3580 2598 3627 nunc
2649 3561 2994 3643 accepimus
3036 3561 3217 3626 datas

884 3656 985 3722 die
1027 3662 1203 3723 sexto
1246 3658 1587 3725 decembris
1629 3662 1825 3743 elapsi
1868 3681 1980 3744 per
2023 3663 2188 3728 hunc
2229 3663 2525 3728 nuncium
2555 3668 2830 3729 vestrum
2872 3666 3050 3727 tanto
3079 3679 3222 3743 gra-

886 3757 1077 3824 tioroe
1139 3759 1472 3825 habuimus
1504 3766 1765 3847 'quanto
1832 3781 1909 3827 ex
1967 3763 2092 3828 illis
2145 3763 2410 3827 vidimus
2475 3763 2638 3844 quod
2703 3766 2912 3828 tamen
2981 3780 3220 3843 semper

884 3859 1447 3941 exploratissimum
1508 3861 1687 3928 nobis
1738 3862 1860 3927 fuit
1911 3864 2360 3929 Excellentiam
2403 3869 2674 3929 vestram
2715 3863 2888 3927 velut
2930 3862 3214 3927 christia-

882 3960 1203 4026 nissimam
1245 3961 1326 4026 ad
1370 3964 1899 4029 conservationem
1929 3970 1992 4030 et
2021 3966 2288 4031 salutem
2317 3983 2440 4030 non
2470 3965 2670 4029 solum
2697 3963 2871 4029 urbis
2905 3962 3212 4029 Constan-

884 4062 1313 4145 tinopolitane,
1342 4067 1451 4131 sed
1481 4066 1675 4132 totius
1705 4067 2046 4133 christiane
2075 4067 2392 4149 religionis
2427 4072 2566 4131 tota
2591 4069 2798 4131 mente
2825 4065 3218 4147 promptissi-

883 4182 1050 4229 mam
1080 4183 1235 4247 esse,
1266 4184 1380 4248 pro
1410 4185 1675 4249 quarum
1702 4168 2026 4235 literarum
2056 4169 2456 4250 responsione
2487 4167 2559 4231 In
2587 4166 2804 4249 primis
2837 4165 3208 4232 Celsitudini

885 4263 1127 4345 Vestre,
1172 4284 1294 4348 que
1336 4287 1476 4333 cum
1522 4274 1701 4333 tanta
1744 4270 2008 4335 caritate
2050 4275 2114 4334 et
2156 4267 2574 4334 benivolentia
2615 4267 2694 4332 de
2729 4268 2908 4332 novis
2935 4272 3002 4333 et
3029 4273 3204 4334 statu
