3793 5187
1516 590 1557 597 -„
1670 504 1755 568 87

554 704 749 788 (quod
804 708 1015 771 tamen
1073 705 1225 771 deus
1280 708 1551 789 avertat)
1611 725 1724 790 pro
1783 707 2010 775 damno
2067 711 2375 791 suscepto,
2442 708 2620 775 nobis
2677 708 2885 775 condi-

552 825 741 889 gnam
784 806 975 874 faciet
1024 826 1487 891 recompensam
1501 860 1516 889 ‚
1581 802 1842 875 dicimus
1856 861 1871 891 ,
1935 811 2100 893 quod
2165 810 2231 876 in
2295 809 2505 877 divina
2559 811 2888 878 clementia

552 914 617 975 et
672 910 956 977 bonitate
1016 912 1407 994 confidimuS,
1460 913 1633 995 quod
1692 914 1861 995 ipsas
1917 914 2177 995 galeaS,.
2221 918 2286 978 et
2341 913 2613 996 reliquas
2671 932 2884 981 omnes

554 1012 759 1078 salvas
810 1013 1019 1094 faciat,
1084 1020 1148 1079 et
1199 1015 1412 1081 illesas
1452 1012 1744 1094 servabit,
1807 1015 2057 1097 illisque
2115 1016 2410 1081 concedet
2453 1016 2776 1081 victoriam
2820 1021 2884 1082 et

560 1113 904 1194 triumfum,
966 1115 1075 1181 sed
1128 1116 1183 1181 si
1242 1116 1389 1199 quid
1444 1118 1769 1183 adversum
1814 1118 1893 1183 de
1935 1118 2060 1183 illis
2103 1119 2414 1184 accideret
2454 1118 2648 1200 (quod
2692 1117 2884 1199 absit)

551 1234 676 1281 non
742 1217 1009 1300 expedit,
1072 1226 1145 1283 ut
1203 1218 1589 1285 Excellentia
1644 1218 1873 1285 Vestra
1925 1221 2003 1285 de
2061 1220 2270 1302 aliqua
2313 1220 2883 1302 recompensatione

552 1318 732 1384 nobis
776 1320 981 1385 fienda
1024 1338 1237 1385 curam
1278 1322 1551 1403 aliquam
1596 1320 1840 1400 habeat,
1888 1340 2088 1403 neque
2130 1322 2380 1403 aliquod
2423 1321 2612 1386 faciat
2652 1322 2882 1405 cogita-

551 1438 711 1500 men,
761 1422 1053 1503 quoniam
1097 1424 1267 1505 ipsas
1312 1423 1648 1489 obtulimus
1694 1428 1759 1488 et
1794 1424 2128 1503 offerimuS,
2170 1441 2310 1489 cum
2353 1422 2472 1488 hac
2515 1424 2876 1505 intentione,

550 1525 717 1606 quod
761 1543 943 1591 omne
984 1526 1327 1606 periculum
1366 1544 1695 1609 corporum
1762 1528 2034 1608 ipsarum
2094 1531 2363 1608 quatuor
2406 1525 2728 1609 galearum
2771 1546 2882 1593 no-

554 1628 755 1691 strum
788 1626 891 1691 sit.
965 1626 1087 1693 Per
1117 1628 1301 1693 aliam
1349 1636 1557 1694 autem
1598 1630 1843 1694 literam
1871 1628 2192 1695 Celsitudo
2219 1628 2448 1694 Vestra
2476 1647 2515 1694 a
2541 1628 2720 1693 nobis
2749 1646 2881 1695 cer-

550 1726 773 1795 tificari
816 1729 993 1812 petit,
1058 1731 1207 1813 quid
1267 1737 1474 1797 actum
1536 1732 1637 1810 sit,
1698 1732 1922 1812 quidve
1975 1748 2291 1813 speremus
2335 1730 2413 1796 de
2457 1730 2652 1796 classe
2689 1731 2876 1795 mari-

546 1831 701 1896 tima
745 1830 845 1896 hic
889 1833 1191 1899 armanda
1229 1835 1294 1897 et
1337 1833 1715 1915 expedienda
1758 1833 2005 1898 nomine
2048 1833 2274 1898 summi
2317 1832 2647 1914 pontificiS,
2696 1838 2761 1898 et
2799 1834 2878 1899 de

546 1932 919 2014 quibusdam
962 1934 1103 1999 aliis
1166 1934 1771 2015 particularitatibus
1812 1935 1893 2000 ad
1939 1934 2100 2000 hanc
2141 1936 2466 2000 materiam
2510 1935 2875 2017 pertinenti-

542 2032 680 2115 buS,
723 2035 824 2101 Ad
869 2055 987 2118 que
1026 2036 1233 2101 omnia
1274 2054 1387 2118 pro
1430 2036 1850 2103 declaratione
1893 2041 2118 2118 vestra,
2177 2056 2252 2103 ac
2296 2055 2411 2119 pro
2454 2038 2547 2104 rei
2585 2038 2870 2119 veritate,

551 2136 833 2219 dicimus,
882 2139 1057 2217 Quod
1104 2138 1276 2204 iuxta
1320 2138 1715 2220 oblationem,
1777 2140 1936 2205 alias
1991 2158 2103 2221 per
2153 2158 2266 2205 nos
2311 2157 2554 2205 summo
2597 2140 2874 2221 pontifici

545 2237 794 2321 factam,
842 2241 920 2306 de
952 2260 1096 2323 qua,
1144 2240 1515 2309 celsitudini
1558 2248 1762 2306 vestre
1820 2242 2114 2307 noticiam
2173 2242 2416 2308 dedisse
2459 2243 2866 2323 meminimuS,

544 2343 753 2423 parari
796 2343 1071 2424 fecimuS,
1118 2350 1183 2410 et
1222 2344 1286 2408 in
1332 2344 1547 2409 ordine
1591 2344 1739 2427 poni
1781 2345 1993 2410 decem
2021 2362 2284 2427 corpora
2311 2345 2644 2427 galearum,
2691 2363 2865 2429 quas,

540 2444 827 2511 omnibus
863 2444 1065 2527 rebus,
1111 2446 1576 2527 munitionibuS,
1644 2452 1711 2513 et
1747 2446 2121 2512 fulcimentis
2173 2447 2320 2526 suis,
2381 2453 2638 2529 paratas
2679 2446 2870 2514 habe·

548 2564 705 2629 mus,
744 2552 809 2614 et
850 2553 1149 2628 tenemuS,
1190 2548 1270 2614 ad
1304 2564 1485 2614 omne
1528 2548 1723 2631 ipsius
1776 2548 2002 2614 summi
2046 2548 2354 2632 pontificis
2397 2548 2867 2634 beneplacitum,

547 2669 661 2733 pro
703 2650 889 2717 huius
931 2651 1147 2733 itaque
1190 2650 1404 2717 classis
1449 2653 1760 2718 maritime
1798 2652 2188 2735 expeditione
2212 2653 2507 2718 adversus
2537 2653 2870 2734 perfidissi-

543 2770 679 2819 mos
721 2759 969 2820 teucros
1016 2757 1279 2818 tantum.
1352 2755 1505 2819 Eius
1544 2754 1857 2820 Sanctitas
1902 2753 2024 2819 huc
2066 2755 2240 2821 misit
2267 2754 2865 2822 Reverendissimum

542 2854 862 2922 dominum
908 2855 1302 2921 Cardinalem
1346 2857 1653 2922 Venetum
1698 2857 2269 2923 vicecancellarium
2303 2857 2660 2940 Apostolice
2703 2859 2866 2925 sedis

544 2956 837 3040 legatum,
887 2959 995 3040 qui
1040 2959 1301 3024 classem
1344 2960 1542 3041 ipsam
1584 2959 1994 3041 personaliter
2054 2959 2383 3026 ascendere
2444 2959 2644 3026 debet.
2733 2961 2866 3028 Nos

541 3065 751 3125 autem
792 3060 916 3142 ipsi
957 3060 1490 3128 Reverendissimo
1531 3062 1779 3128 domino
1822 3060 2027 3144 legato
2071 3060 2264 3128 libere
2310 3062 2748 3143 consensimus,
2793 3068 2868 3130 ut

542 3161 623 3228 ab
668 3163 959 3228 universo
996 3164 1162 3229 clero
1208 3163 1390 3229 huius
1434 3163 1605 3230 urbis
1642 3170 1873 3245 nostre,
1926 3162 2314 3246 aliarumque
2355 3164 2629 3230 omnium
2670 3169 2865 3231 terra-

534 3281 675 3330 rum
722 3271 787 3330 et
828 3264 1105 3332 locorum
1151 3265 1329 3331 nobis
1373 3265 1759 3332 subditorum
1804 3265 2044 3332 decima
2072 3266 2338 3347 quedam
2379 3267 2624 3350 integra
2657 3267 2864 3351 exiga-

532 3369 659 3446 tur,
703 3366 781 3432 de
823 3385 967 3450 qua,
1013 3368 1167 3434 satis
1210 3367 1373 3434 bona
1414 3369 1812 3452 pecuniarum
1870 3386 2112 3434 summa
2171 3367 2387 3434 haberi
2446 3369 2696 3450 poterit,
2751 3370 2862 3438 ha-

538 3465 853 3534 bebuntur
881 3488 1146 3552 quoque,
1180 3471 1343 3537 sicut
1370 3471 1614 3553 abipso
1642 3472 1889 3538 domino
1919 3470 2249 3536 Cardinale
2275 3471 2600 3538 certificati
2631 3491 2862 3556 sumne,

533 3569 657 3636 alie
698 3571 959 3653 pecunie
1004 3573 1071 3637 in
1114 3571 1279 3638 bono
1333 3591 1591 3639 numero
1634 3593 1711 3639 ex
1757 3573 2078 3640 Florentia
2118 3577 2184 3640 et
2225 3573 2366 3640 aliis
2424 3574 2578 3641 locis
2619 3574 2860 3659 Magni-

532 3669 649 3738 fice
687 3674 1055 3741 comunitati
1100 3675 1415 3742 Florentie
1458 3674 1741 3757 subditis,
1804 3677 1895 3741 ita
1941 3681 2014 3741 ut
2049 3695 2089 3740 a
2133 3681 2304 3742 certo
2347 3693 2683 3758 speremu8‚
2747 3677 2860 3744 has

529 3775 743 3856 galeas
786 3777 1017 3858 decem,
1063 3777 1311 3843 nomine
1352 3778 1549 3860 ipsius
1592 3779 1817 3845 summi
1855 3777 2167 3862 pontificis
2195 3778 2492 3844 citissime
2531 3781 2763 3846 armari
2795 3785 2862 3847 et

534 3877 811 3960 expediri
853 3897 1051 3963 posse.
1131 3881 1228 3947 De
1256 3880 1395 3945 aliis
1427 3885 1637 3946 autem
1678 3880 1892 3964 galeis,
1934 3899 2048 3963 per
2083 3881 2239 3946 alios
2281 3881 2592 3964 principes
2630 3881 2729 3948 vel
2753 3883 2861 3948 do·

531 3979 735 4046 minos
795 3983 862 4046 in
911 3981 1102 4049 Italia
1157 3983 1489 4063 armandis,
1549 3983 1639 4049 nil
1703 3989 1942 4050 certum
2000 3983 2204 4050 dicere
2256 4001 2599 4066 possumus,
2658 4003 2860 4068 neque

536 4083 785 4165 scimus,
848 4085 970 4152 Sed
1013 4088 1094 4153 ad
1136 4086 1631 4153 informationem
1690 4085 2073 4152 Excellentie
2116 4087 2342 4153 Vestre
2396 4088 2602 4153 dicere
2643 4107 2858 4172 possu-

530 4203 688 4266 mus,
734 4188 902 4270 quod
941 4207 1082 4254 cum
1125 4187 1223 4254 his
1261 4188 1457 4271 galeis
1499 4189 1709 4254 decem
1764 4207 1877 4270 pro
1931 4205 2170 4255 summo
2231 4187 2538 4272 pontifice,
2599 4196 2665 4256 et
2705 4208 2856 4273 qua-

525 4293 673 4356 tuor
714 4307 830 4371 pro
876 4288 1259 4357 Celsitudine
1300 4290 1529 4358 Vestra
1587 4291 1689 4356 hic
1729 4291 2060 4372 armandis,
2123 4291 2176 4357 si
2223 4309 2434 4357 omnes
2477 4293 2849 4375 quatuorde-

526 4391 647 4456 cim
708 4391 969 4458 invicem
1040 4394 1348 4474 unientur,
1410 4392 1487 4458 ad
1546 4393 2016 4460 custodiendum
2074 4393 2360 4459 strictum
2424 4394 2728 4478 galipoliS,
2791 4400 2855 4461 et
