<?xml version="1.0" encoding="UTF-8"?>
<!DOCTYPE html PUBLIC "-//W3C//DTD XHTML 1.0 Transitional//EN"
    "http://www.w3.org/TR/xhtml1/DTD/xhtml1-transitional.dtd">
<html xmlns="http://www.w3.org/1999/xhtml" xml:lang="en" lang="en">
 <head>
  <title>
</title>
<meta http-equiv="Content-Type" content="text/html;charset=utf-8" />
  <meta name='ocr-system' content='tesseract 3.04.00' />
  <meta name='ocr-capabilities' content='ocr_page ocr_carea ocr_par ocr_line ocrx_word'/>
</head>
<body>
  <div class='ocr_page' id='page_1' title='image "./fontesrerumpolo00unkngoog_0186.png"; bbox 0 0 3793 5187; ppageno 0'>
   <div class='ocr_carea' id='block_1_1' title="bbox 1730 600 1852 666">
    <p class='ocr_par' dir='ltr' id='par_1_1' title="bbox 1730 600 1852 666">
     <span class='ocr_line' id='line_1_1' title="bbox 1730 600 1852 666; baseline -0.016 0"><span class='ocrx_word' id='word_1_1' title='bbox 1730 600 1852 666; x_wconf 88' lang='grc'><strong>189</strong></span> 
     </span>
    </p>
   </div>
   <div class='ocr_carea' id='block_1_2' title="bbox 1585 685 1993 699">
    <p class='ocr_par' dir='ltr' id='par_1_2' title="bbox 1585 685 1993 699">
     <span class='ocr_line' id='line_1_2' title="bbox 1585 685 1993 699; baseline 0 4488"><span class='ocrx_word' id='word_1_2' title='bbox 1585 685 1993 699; x_wconf 95' lang='lat' dir='ltr'><strong> </strong></span> 
     </span>
    </p>
   </div>
   <div class='ocr_carea' id='block_1_3' title="bbox 511 800 2980 4584">
    <p class='ocr_par' dir='ltr' id='par_1_3' title="bbox 511 800 2980 4584">
     <span class='ocr_line' id='line_1_3' title="bbox 613 800 2960 887; baseline 0.001 -19"><span class='ocrx_word' id='word_1_3' title='bbox 613 803 685 868; x_wconf 94' lang='lat' dir='ltr'><strong>in</strong></span> <span class='ocrx_word' id='word_1_4' title='bbox 727 801 1015 885; x_wconf 88' lang='lat' dir='ltr'><strong>partibus</strong></span> <span class='ocrx_word' id='word_1_5' title='bbox 1059 802 1480 886; x_wconf 77' lang='lat' dir='ltr'><strong>transilvania,</strong></span> <span class='ocrx_word' id='word_1_6' title='bbox 1535 803 1884 872; x_wconf 84' lang='lat' dir='ltr'><strong>claudenda</strong></span> <span class='ocrx_word' id='word_1_7' title='bbox 1926 808 1993 870; x_wconf 91' lang='lat' dir='ltr'><strong>et</strong></span> <span class='ocrx_word' id='word_1_8' title='bbox 2033 800 2445 885; x_wconf 86' lang='lat' dir='ltr'><strong>obstruenda,</strong></span> <span class='ocrx_word' id='word_1_9' title='bbox 2511 802 2960 887; x_wconf 86' lang='lat' dir='ltr'><strong>obstructaque</strong></span> 
     </span>
     <span class='ocr_line' id='line_1_4' title="bbox 619 905 2975 990; baseline 0 -18"><span class='ocrx_word' id='word_1_10' title='bbox 619 905 1002 972; x_wconf 86' lang='lat' dir='ltr'><strong>validissime</strong></span> <span class='ocrx_word' id='word_1_11' title='bbox 1042 906 1486 988; x_wconf 85' lang='lat' dir='ltr'><strong>conservanda,</strong></span> <span class='ocrx_word' id='word_1_12' title='bbox 1543 905 1842 974; x_wconf 87' lang='lat' dir='ltr'><strong>adversus</strong></span> <span class='ocrx_word' id='word_1_13' title='bbox 1881 905 2123 974; x_wconf 89' lang='lat' dir='ltr'><strong>rabiem</strong></span> <span class='ocrx_word' id='word_1_14' title='bbox 2162 905 2436 984; x_wconf 89' lang='lat' dir='ltr'><strong>inimici;</strong></span> <span class='ocrx_word' id='word_1_15' title='bbox 2502 910 2571 972; x_wconf 90' lang='lat' dir='ltr'><strong>et</strong></span> <span class='ocrx_word' id='word_1_16' title='bbox 2610 924 2723 990; x_wconf 90' lang='lat' dir='ltr'><strong>per</strong></span> <span class='ocrx_word' id='word_1_17' title='bbox 2767 924 2975 989; x_wconf 70' lang='lat' dir='ltr'><strong>quarm</strong></span> 
     </span>
     <span class='ocr_line' id='line_1_5' title="bbox 615 1007 2964 1092; baseline -0.001 -16"><span class='ocrx_word' id='word_1_18' title='bbox 615 1010 900 1077; x_wconf 80' lang='lat' dir='ltr'>ediverso</span> <span class='ocrx_word' id='word_1_19' title='bbox 968 1014 1179 1092; x_wconf 86' lang='lat' dir='ltr'><strong>potest</strong></span> <span class='ocrx_word' id='word_1_20' title='bbox 1242 1014 1450 1076; x_wconf 87' lang='lat' dir='ltr'><strong>status</strong></span> <span class='ocrx_word' id='word_1_21' title='bbox 1513 1008 1758 1076; x_wconf 88' lang='lat' dir='ltr'><strong>hostilis</strong></span> <span class='ocrx_word' id='word_1_22' title='bbox 1799 1027 1842 1076; x_wconf 91' lang='lat' dir='ltr'><strong>a</strong></span> <span class='ocrx_word' id='word_1_23' title='bbox 1881 1008 2243 1076; x_wconf 88' lang='lat' dir='ltr'><strong>christianis</strong></span> <span class='ocrx_word' id='word_1_24' title='bbox 2302 1007 2581 1076; x_wconf 79' lang='lat' dir='ltr'><strong>faciliter</strong></span> <span class='ocrx_word' id='word_1_25' title='bbox 2637 1009 2851 1075; x_wconf 78' lang='lat' dir='ltr'><strong>invadi</strong></span> <span class='ocrx_word' id='word_1_26' title='bbox 2896 1014 2964 1074; x_wconf 90' lang='lat' dir='ltr'><strong>et</strong></span> 
     </span>
     <span class='ocr_line' id='line_1_6' title="bbox 619 1102 2962 1197; baseline -0.001 -19"><span class='ocrx_word' id='word_1_27' title='bbox 619 1112 910 1196; x_wconf 85' lang='lat' dir='ltr'><strong>opprimi.</strong></span> <span class='ocrx_word' id='word_1_28' title='bbox 997 1113 1197 1178; x_wconf 86' lang='lat' dir='ltr'><strong>Tante</strong></span> <span class='ocrx_word' id='word_1_29' title='bbox 1238 1112 1644 1196; x_wconf 86' lang='lat' dir='ltr'><strong>importantie</strong></span> <span class='ocrx_word' id='word_1_30' title='bbox 1707 1112 1999 1197; x_wconf 87' lang='lat' dir='ltr'><strong>tantique</strong></span> <span class='ocrx_word' id='word_1_31' title='bbox 2067 1111 2371 1179; x_wconf 85' lang='lat' dir='ltr'><strong>momenti</strong></span> <span class='ocrx_word' id='word_1_32' title='bbox 2412 1116 2481 1178; x_wconf 95' lang='lat' dir='ltr'><strong>et</strong></span> <span class='ocrx_word' id='word_1_33' title='bbox 2522 1102 2815 1194; x_wconf 87' lang='lat' dir='ltr'><strong>ponderis</strong></span> <span class='ocrx_word' id='word_1_34' title='bbox 2861 1115 2962 1178; x_wconf 88' lang='lat' dir='ltr'><strong>est</strong></span> 
     </span>
     <span class='ocr_line' id='line_1_7' title="bbox 611 1211 2960 1298; baseline 0 -19"><span class='ocrx_word' id='word_1_35' title='bbox 611 1215 836 1282; x_wconf 91' lang='lat' dir='ltr'><strong>iuditio</strong></span> <span class='ocrx_word' id='word_1_36' title='bbox 879 1219 1101 1281; x_wconf 73' lang='lat' dir='ltr'><strong>nostro</strong></span> <span class='ocrx_word' id='word_1_37' title='bbox 1148 1215 1505 1282; x_wconf 90' lang='lat' dir='ltr'><strong>huiusmodi</strong></span> <span class='ocrx_word' id='word_1_38' title='bbox 1571 1215 1911 1298; x_wconf 84' lang='lat' dir='ltr'><strong>provincia,</strong></span> <span class='ocrx_word' id='word_1_39' title='bbox 1984 1211 2067 1281; x_wconf 72' lang='lat' dir='ltr'><strong>ut&#39;</strong></span> <span class='ocrx_word' id='word_1_40' title='bbox 2110 1232 2241 1282; x_wconf 91' lang='lat' dir='ltr'><strong>non</strong></span> <span class='ocrx_word' id='word_1_41' title='bbox 2307 1214 2539 1282; x_wconf 82' lang='lat' dir='ltr'><strong>soliciti</strong></span> <span class='ocrx_word' id='word_1_42' title='bbox 2601 1220 2669 1281; x_wconf 89' lang='lat' dir='ltr'><strong>et</strong></span> <span class='ocrx_word' id='word_1_43' title='bbox 2728 1213 2960 1282; x_wconf 89' lang='lat' dir='ltr'><strong>curiosi</strong></span> 
     </span>
     <span class='ocr_line' id='line_1_8' title="bbox 613 1317 2978 1402; baseline -0 -19"><span class='ocrx_word' id='word_1_44' title='bbox 613 1333 750 1383; x_wconf 87' lang='lat' dir='ltr'><strong>esse</strong></span> <span class='ocrx_word' id='word_1_45' title='bbox 794 1335 922 1384; x_wconf 89' lang='lat' dir='ltr'><strong>non</strong></span> <span class='ocrx_word' id='word_1_46' title='bbox 964 1317 1273 1402; x_wconf 89' lang='lat' dir='ltr'><strong>possimus</strong></span> <span class='ocrx_word' id='word_1_47' title='bbox 1316 1319 1394 1385; x_wconf 92' lang='lat' dir='ltr'><strong>de</strong></span> <span class='ocrx_word' id='word_1_48' title='bbox 1436 1317 1605 1384; x_wconf 90' lang='lat' dir='ltr'><strong>illius</strong></span> <span class='ocrx_word' id='word_1_49' title='bbox 1647 1319 2139 1400; x_wconf 80' lang='lat' dir='ltr'><strong>conservatione,</strong></span> <span class='ocrx_word' id='word_1_50' title='bbox 2196 1323 2331 1384; x_wconf 85' lang='lat' dir='ltr'><strong>tam</strong></span> <span class='ocrx_word' id='word_1_51' title='bbox 2373 1323 2593 1384; x_wconf 90' lang='lat' dir='ltr'><strong>contra</strong></span> <span class='ocrx_word' id='word_1_52' title='bbox 2638 1317 2825 1384; x_wconf 89' lang='lat' dir='ltr'><strong>Turci</strong></span> <span class='ocrx_word' id='word_1_53' title='bbox 2866 1317 2978 1382; x_wconf 87' lang='lat' dir='ltr'><strong>vi·-</strong></span> 
     </span>
     <span class='ocr_line' id='line_1_9' title="bbox 610 1419 2971 1503; baseline 0 -18"><span class='ocrx_word' id='word_1_54' title='bbox 610 1437 731 1500; x_wconf 87' lang='lat' dir='ltr'><strong>res,</strong></span> <span class='ocrx_word' id='word_1_55' title='bbox 776 1437 966 1502; x_wconf 87' lang='lat' dir='ltr'><strong>quam</strong></span> <span class='ocrx_word' id='word_1_56' title='bbox 1012 1424 1232 1488; x_wconf 84' lang='lat' dir='ltr'><strong>contra</strong></span> <span class='ocrx_word' id='word_1_57' title='bbox 1271 1419 1611 1488; x_wconf 79' lang='lat' dir='ltr'><strong>blanditias</strong></span> <span class='ocrx_word' id='word_1_58' title='bbox 1653 1425 1719 1488; x_wconf 87' lang='lat' dir='ltr'><strong>et</strong></span> <span class='ocrx_word' id='word_1_59' title='bbox 1759 1425 1933 1488; x_wconf 87' lang='lat' dir='ltr'><strong>artes</strong></span> <span class='ocrx_word' id='word_1_60' title='bbox 1974 1419 2405 1487; x_wconf 78' lang='lat' dir='ltr'><strong>fraudulentas</strong></span> <span class='ocrx_word' id='word_1_61' title='bbox 2449 1437 2617 1501; x_wconf 67' lang='lat' dir='ltr'><strong>suas,</strong></span> <span class='ocrx_word' id='word_1_62' title='bbox 2662 1438 2744 1485; x_wconf 92' lang='lat' dir='ltr'><strong>ne</strong></span> <span class='ocrx_word' id='word_1_63' title='bbox 2788 1419 2971 1503; x_wconf 79' lang='lat' dir='ltr'><strong>quod⁴</strong></span> 
     </span>
     <span class='ocr_line' id='line_1_10' title="bbox 511 1522 2956 1607; baseline 0.001 -21"><span class='ocrx_word' id='word_1_64' title='bbox 511 1549 516 1555; x_wconf 92' lang='lat'><strong>·</strong></span> <span class='ocrx_word' id='word_1_65' title='bbox 608 1522 691 1602; x_wconf 88' lang='lat' dir='ltr'><strong>vi,</strong></span> <span class='ocrx_word' id='word_1_66' title='bbox 735 1526 803 1588; x_wconf 93' lang='lat' dir='ltr'><strong>et</strong></span> <span class='ocrx_word' id='word_1_67' title='bbox 837 1523 1031 1589; x_wconf 86' lang='lat' dir='ltr'><strong>armis</strong></span> <span class='ocrx_word' id='word_1_68' title='bbox 1065 1524 1318 1607; x_wconf 76' lang='lat' dir='ltr'><strong>assequi</strong></span> <span class='ocrx_word' id='word_1_69' title='bbox 1359 1524 1429 1590; x_wconf 91' lang='lat' dir='ltr'><strong>in</strong></span> <span class='ocrx_word' id='word_1_70' title='bbox 1471 1527 1675 1590; x_wconf 90' lang='lat' dir='ltr'><strong>totum</strong></span> <span class='ocrx_word' id='word_1_71' title='bbox 1717 1541 1844 1594; x_wconf 90' lang='lat' dir='ltr'><strong>non</strong></span> <span class='ocrx_word' id='word_1_72' title='bbox 1898 1523 2125 1606; x_wconf 89' lang='lat' dir='ltr'><strong>potuit,</strong></span> <span class='ocrx_word' id='word_1_73' title='bbox 2190 1528 2570 1606; x_wconf 88' lang='lat' dir='ltr'><strong>assequatur</strong></span> <span class='ocrx_word' id='word_1_74' title='bbox 2615 1526 2731 1588; x_wconf 89' lang='lat' dir='ltr'><strong>aut</strong></span> <span class='ocrx_word' id='word_1_75' title='bbox 2774 1522 2956 1602; x_wconf 85' lang='lat' dir='ltr'><strong>dolis,</strong></span> 
     </span>
     <span class='ocr_line' id='line_1_11' title="bbox 607 1624 2977 1710; baseline 0 -20"><span class='ocrx_word' id='word_1_76' title='bbox 607 1628 723 1691; x_wconf 88' lang='lat' dir='ltr'><strong>aut</strong></span> <span class='ocrx_word' id='word_1_77' title='bbox 761 1626 1140 1692; x_wconf 77' lang='lat' dir='ltr'><strong>necessitate</strong></span> <span class='ocrx_word' id='word_1_78' title='bbox 1179 1627 1394 1709; x_wconf 90' lang='lat' dir='ltr'><strong>aliqua</strong></span> <span class='ocrx_word' id='word_1_79' title='bbox 1434 1631 1502 1693; x_wconf 90' lang='lat' dir='ltr'><strong>et</strong></span> <span class='ocrx_word' id='word_1_80' title='bbox 1539 1626 1977 1710; x_wconf 83' lang='lat' dir='ltr'><strong>desperatione</strong></span> <span class='ocrx_word' id='word_1_81' title='bbox 2027 1625 2295 1708; x_wconf 84' lang='lat' dir='ltr'><strong>predicti</strong></span> <span class='ocrx_word' id='word_1_82' title='bbox 2340 1625 2640 1710; x_wconf 80' lang='lat' dir='ltr'><strong>Vayvode</strong></span> <span class='ocrx_word' id='word_1_83' title='bbox 2680 1624 2977 1692; x_wconf 62' lang='lat' dir='ltr'><strong>videntis</strong></span> 
     </span>
     <span class='ocr_line' id='line_1_12' title="bbox 606 1726 2958 1811; baseline 0 -19"><span class='ocrx_word' id='word_1_84' title='bbox 606 1726 1048 1810; x_wconf 62' lang='lat' dir='ltr'><strong>promissiones</strong></span> <span class='ocrx_word' id='word_1_85' title='bbox 1114 1728 1174 1795; x_wconf 90' lang='lat' dir='ltr'><strong>ei</strong></span> <span class='ocrx_word' id='word_1_86' title='bbox 1234 1727 1435 1796; x_wconf 78' lang='lat' dir='ltr'><strong>factas</strong></span> <span class='ocrx_word' id='word_1_87' title='bbox 1499 1729 1742 1796; x_wconf 89' lang='lat' dir='ltr'><strong>nullum</strong></span> <span class='ocrx_word' id='word_1_88' title='bbox 1805 1746 2028 1811; x_wconf 88' lang='lat' dir='ltr'><strong>parere</strong></span> <span class='ocrx_word' id='word_1_89' title='bbox 2093 1727 2417 1796; x_wconf 87' lang='lat' dir='ltr'><strong>effectum:</strong></span> <span class='ocrx_word' id='word_1_90' title='bbox 2484 1733 2553 1794; x_wconf 90' lang='lat' dir='ltr'><strong>et</strong></span> <span class='ocrx_word' id='word_1_91' title='bbox 2616 1732 2958 1810; x_wconf 89' lang='lat' dir='ltr'><strong>propterea</strong></span> 
     </span>
     <span class='ocr_line' id='line_1_13' title="bbox 605 1829 2953 1898; baseline 0 -2"><span class='ocrx_word' id='word_1_92' title='bbox 605 1829 764 1896; x_wconf 86' lang='lat' dir='ltr'><strong>istas</strong></span> <span class='ocrx_word' id='word_1_93' title='bbox 813 1829 989 1898; x_wconf 89' lang='lat' dir='ltr'><strong>vobis</strong></span> <span class='ocrx_word' id='word_1_94' title='bbox 1046 1830 1404 1898; x_wconf 88' lang='lat' dir='ltr'><strong>scribendas</strong></span> <span class='ocrx_word' id='word_1_95' title='bbox 1462 1836 1528 1898; x_wconf 91' lang='lat' dir='ltr'><strong>et</strong></span> <span class='ocrx_word' id='word_1_96' title='bbox 1576 1831 1770 1898; x_wconf 87' lang='lat' dir='ltr'><strong>istum</strong></span> <span class='ocrx_word' id='word_1_97' title='bbox 1831 1831 2105 1898; x_wconf 81' lang='lat' dir='ltr'><strong>velocem</strong></span> <span class='ocrx_word' id='word_1_98' title='bbox 2164 1829 2563 1898; x_wconf 81' lang='lat' dir='ltr'><strong>tabellarium</strong></span> <span class='ocrx_word' id='word_1_99' title='bbox 2637 1830 2756 1896; x_wconf 87' lang='lat' dir='ltr'><strong>hac</strong></span> <span class='ocrx_word' id='word_1_100' title='bbox 2815 1830 2953 1896; x_wconf 89' lang='lat' dir='ltr'><strong>sola</strong></span> 
     </span>
     <span class='ocr_line' id='line_1_14' title="bbox 609 1932 2952 2016; baseline 0 -18"><span class='ocrx_word' id='word_1_101' title='bbox 609 1949 798 1998; x_wconf 89' lang='lat' dir='ltr'><strong>causa</strong></span> <span class='ocrx_word' id='word_1_102' title='bbox 839 1933 1295 2016; x_wconf 82' lang='lat' dir='ltr'><strong>expediendum</strong></span> <span class='ocrx_word' id='word_1_103' title='bbox 1333 1934 1704 2015; x_wconf 90' lang='lat' dir='ltr'><strong>censuimus,</strong></span> <span class='ocrx_word' id='word_1_104' title='bbox 1756 1933 2039 2000; x_wconf 89' lang='lat' dir='ltr'><strong>volentes</strong></span> <span class='ocrx_word' id='word_1_105' title='bbox 2085 1933 2384 2014; x_wconf 89' lang='lat' dir='ltr'><strong>vobisque</strong></span> <span class='ocrx_word' id='word_1_106' title='bbox 2423 1932 2815 2013; x_wconf 81' lang='lat' dir='ltr'><strong>mandantes,</strong></span> <span class='ocrx_word' id='word_1_107' title='bbox 2876 1936 2952 1998; x_wconf 87' lang='lat' dir='ltr'><strong>ut</strong></span> 
     </span>
     <span class='ocr_line' id='line_1_15' title="bbox 609 2033 2948 2119; baseline 0.001 -20"><span class='ocrx_word' id='word_1_108' title='bbox 609 2034 832 2101; x_wconf 89' lang='lat' dir='ltr'><strong>harum</strong></span> <span class='ocrx_word' id='word_1_109' title='bbox 892 2053 1102 2101; x_wconf 90' lang='lat' dir='ltr'><strong>rerum</strong></span> <span class='ocrx_word' id='word_1_110' title='bbox 1169 2033 1340 2101; x_wconf 90' lang='lat' dir='ltr'><strong>facta</strong></span> <span class='ocrx_word' id='word_1_111' title='bbox 1403 2036 1989 2103; x_wconf 82' lang='lat' dir='ltr'><strong>commemoratione</strong></span> <span class='ocrx_word' id='word_1_112' title='bbox 2056 2040 2123 2102; x_wconf 90' lang='lat' dir='ltr'><strong>et</strong></span> <span class='ocrx_word' id='word_1_113' title='bbox 2184 2035 2471 2118; x_wconf 81' lang='lat' dir='ltr'><strong>diligenti</strong></span> <span class='ocrx_word' id='word_1_114' title='bbox 2532 2035 2948 2119; x_wconf 85' lang='lat' dir='ltr'><strong>explicatione</strong></span> 
     </span>
     <span class='ocr_line' id='line_1_16' title="bbox 609 2135 2980 2220; baseline 0 -17"><span class='ocrx_word' id='word_1_115' title='bbox 609 2137 949 2203; x_wconf 87' lang='lat' dir='ltr'><strong>Sanctitati</strong></span> <span class='ocrx_word' id='word_1_116' title='bbox 1004 2135 1286 2219; x_wconf 89' lang='lat' dir='ltr'><strong>predicte</strong></span> <span class='ocrx_word' id='word_1_117' title='bbox 1337 2137 1653 2204; x_wconf 86' lang='lat' dir='ltr'><strong>suadeatis</strong></span> <span class='ocrx_word' id='word_1_118' title='bbox 1716 2143 1782 2203; x_wconf 91' lang='lat' dir='ltr'><strong>et</strong></span> <span class='ocrx_word' id='word_1_119' title='bbox 1845 2136 2184 2204; x_wconf 87' lang='lat' dir='ltr'><strong>efficaciter</strong></span> <span class='ocrx_word' id='word_1_120' title='bbox 2246 2137 2519 2218; x_wconf 86' lang='lat' dir='ltr'><strong>instetis,</strong></span> <span class='ocrx_word' id='word_1_121' title='bbox 2586 2142 2661 2202; x_wconf 91' lang='lat' dir='ltr'><strong>ut</strong></span> <span class='ocrx_word' id='word_1_122' title='bbox 2717 2143 2980 2220; x_wconf 82' lang='lat' dir='ltr'><strong>quanto·</strong></span> 
     </span>
     <span class='ocr_line' id='line_1_17' title="bbox 610 2238 2943 2323; baseline 0 -18"><span class='ocrx_word' id='word_1_123' title='bbox 610 2239 675 2306; x_wconf 94' lang='lat' dir='ltr'><strong>id</strong></span> <span class='ocrx_word' id='word_1_124' title='bbox 718 2238 923 2307; x_wconf 85' lang='lat' dir='ltr'><strong>facere</strong></span> <span class='ocrx_word' id='word_1_125' title='bbox 984 2244 1198 2323; x_wconf 86' lang='lat' dir='ltr'><strong>potest</strong></span> <span class='ocrx_word' id='word_1_126' title='bbox 1255 2238 1657 2306; x_wconf 85' lang='lat' dir='ltr'><strong>festinantius</strong></span> <span class='ocrx_word' id='word_1_127' title='bbox 1722 2241 2051 2322; x_wconf 86' lang='lat' dir='ltr'><strong>providere</strong></span> <span class='ocrx_word' id='word_1_128' title='bbox 2114 2241 2407 2323; x_wconf 83' lang='lat' dir='ltr'><strong>dignetur</strong></span> <span class='ocrx_word' id='word_1_129' title='bbox 2456 2244 2524 2306; x_wconf 89' lang='lat' dir='ltr'><strong>et</strong></span> <span class='ocrx_word' id='word_1_130' title='bbox 2564 2240 2820 2306; x_wconf 90' lang='lat' dir='ltr'><strong>mittere</strong></span> <span class='ocrx_word' id='word_1_131' title='bbox 2862 2241 2943 2306; x_wconf 89' lang='lat' dir='ltr'><strong>ad</strong></span> 
     </span>
     <span class='ocr_line' id='line_1_18' title="bbox 611 2340 2952 2426; baseline 0 -18"><span class='ocrx_word' id='word_1_132' title='bbox 611 2341 1103 2424; x_wconf 87' lang='lat' dir='ltr'><strong>suprascriptum</strong></span> <span class='ocrx_word' id='word_1_133' title='bbox 1143 2342 1506 2426; x_wconf 84' lang='lat' dir='ltr'><strong>Vayvodam</strong></span> <span class='ocrx_word' id='word_1_134' title='bbox 1563 2344 1644 2409; x_wconf 89' lang='lat' dir='ltr'><strong>ad</strong></span> <span class='ocrx_word' id='word_1_135' title='bbox 1687 2361 1995 2410; x_wconf 90' lang='lat' dir='ltr'><strong>summam</strong></span> <span class='ocrx_word' id='word_1_136' title='bbox 2051 2361 2251 2426; x_wconf 89' lang='lat' dir='ltr'><strong>usque</strong></span> <span class='ocrx_word' id='word_1_137' title='bbox 2310 2343 2680 2409; x_wconf 87' lang='lat' dir='ltr'><strong>ducatorum</strong></span> <span class='ocrx_word' id='word_1_138' title='bbox 2722 2340 2843 2407; x_wconf 62' lang='lat' dir='ltr'><strong>XM·</strong></span> <span class='ocrx_word' id='word_1_139' title='bbox 2869 2341 2952 2408; x_wconf 87' lang='lat' dir='ltr'><strong>ad</strong></span> 
     </span>
     <span class='ocr_line' id='line_1_19' title="bbox 604 2444 2945 2528; baseline 0 -18"><span class='ocrx_word' id='word_1_140' title='bbox 604 2445 827 2526; x_wconf 89' lang='lat' dir='ltr'><strong>minus,</strong></span> <span class='ocrx_word' id='word_1_141' title='bbox 872 2462 986 2527; x_wconf 90' lang='lat' dir='ltr'><strong>pro</strong></span> <span class='ocrx_word' id='word_1_142' title='bbox 1031 2444 1309 2527; x_wconf 87' lang='lat' dir='ltr'><strong>presenti</strong></span> <span class='ocrx_word' id='word_1_143' title='bbox 1350 2445 1428 2511; x_wconf 89' lang='lat' dir='ltr'><strong>de</strong></span> <span class='ocrx_word' id='word_1_144' title='bbox 1471 2445 1752 2528; x_wconf 90' lang='lat' dir='ltr'><strong>pecuniis</strong></span> <span class='ocrx_word' id='word_1_145' title='bbox 1793 2444 2292 2526; x_wconf 82' lang='lat' dir='ltr'><strong>contributionis,</strong></span> <span class='ocrx_word' id='word_1_146' title='bbox 2359 2461 2519 2527; x_wconf 87' lang='lat' dir='ltr'><strong>quos</strong></span> <span class='ocrx_word' id='word_1_147' title='bbox 2562 2444 2731 2510; x_wconf 91' lang='lat' dir='ltr'><strong>idem</strong></span> <span class='ocrx_word' id='word_1_148' title='bbox 2772 2444 2945 2526; x_wconf 61' lang='lat' dir='ltr'><strong>Vay‘-</strong></span> 
     </span>
     <span class='ocr_line' id='line_1_20' title="bbox 603 2545 2947 2632; baseline -0 -20"><span class='ocrx_word' id='word_1_149' title='bbox 603 2546 768 2613; x_wconf 91' lang='lat' dir='ltr'><strong>voda</strong></span> <span class='ocrx_word' id='word_1_150' title='bbox 829 2546 1141 2631; x_wconf 86' lang='lat' dir='ltr'><strong>intelligat</strong></span> <span class='ocrx_word' id='word_1_151' title='bbox 1206 2565 1344 2615; x_wconf 89' lang='lat' dir='ltr'><strong>esse</strong></span> <span class='ocrx_word' id='word_1_152' title='bbox 1410 2551 1658 2632; x_wconf 85' lang='lat' dir='ltr'><strong>partem</strong></span> <span class='ocrx_word' id='word_1_153' title='bbox 1717 2547 2148 2631; x_wconf 87' lang='lat' dir='ltr'><strong>promissionis</strong></span> <span class='ocrx_word' id='word_1_154' title='bbox 2192 2547 2249 2613; x_wconf 90' lang='lat' dir='ltr'><strong>ei</strong></span> <span class='ocrx_word' id='word_1_155' title='bbox 2292 2545 2461 2613; x_wconf 85' lang='lat' dir='ltr'><strong>facte</strong></span> <span class='ocrx_word' id='word_1_156' title='bbox 2504 2550 2571 2613; x_wconf 91' lang='lat' dir='ltr'><strong>et</strong></span> <span class='ocrx_word' id='word_1_157' title='bbox 2612 2563 2947 2630; x_wconf 87' lang='lat' dir='ltr'><strong>argumen-</strong></span> 
     </span>
     <span class='ocr_line' id='line_1_21' title="bbox 603 2648 2945 2734; baseline 0 -19"><span class='ocrx_word' id='word_1_158' title='bbox 603 2655 760 2729; x_wconf 87' lang='lat' dir='ltr'><strong>tum,</strong></span> <span class='ocrx_word' id='word_1_159' title='bbox 827 2655 1190 2733; x_wconf 89' lang='lat' dir='ltr'><strong>certumque</strong></span> <span class='ocrx_word' id='word_1_160' title='bbox 1234 2652 1480 2734; x_wconf 86' lang='lat' dir='ltr'><strong>signum</strong></span> <span class='ocrx_word' id='word_1_161' title='bbox 1518 2657 1585 2718; x_wconf 93' lang='lat' dir='ltr'><strong>et</strong></span> <span class='ocrx_word' id='word_1_162' title='bbox 1630 2670 1806 2718; x_wconf 86' lang='lat' dir='ltr'><strong>aram</strong></span> <span class='ocrx_word' id='word_1_163' title='bbox 1849 2652 2017 2719; x_wconf 89' lang='lat' dir='ltr'><strong>alius</strong></span> <span class='ocrx_word' id='word_1_164' title='bbox 2082 2653 2271 2717; x_wconf 90' lang='lat' dir='ltr'><strong>etiam</strong></span> <span class='ocrx_word' id='word_1_165' title='bbox 2314 2649 2532 2716; x_wconf 83' lang='lat' dir='ltr'><strong>auxilii</strong></span> <span class='ocrx_word' id='word_1_166' title='bbox 2576 2650 2695 2716; x_wconf 91' lang='lat' dir='ltr'><strong>sibi</strong></span> <span class='ocrx_word' id='word_1_167' title='bbox 2734 2648 2945 2716; x_wconf 82' lang='lat' dir='ltr'><strong>confe-</strong></span> 
     </span>
     <span class='ocr_line' id='line_1_22' title="bbox 601 2752 2950 2834; baseline 0.001 -17"><span class='ocrx_word' id='word_1_168' title='bbox 601 2753 808 2819; x_wconf 90' lang='lat' dir='ltr'><strong>rendi:</strong></span> <span class='ocrx_word' id='word_1_169' title='bbox 873 2757 940 2818; x_wconf 91' lang='lat' dir='ltr'><strong>et</strong></span> <span class='ocrx_word' id='word_1_170' title='bbox 998 2771 1138 2820; x_wconf 93' lang='lat' dir='ltr'><strong>cum</strong></span> <span class='ocrx_word' id='word_1_171' title='bbox 1194 2754 1314 2820; x_wconf 91' lang='lat' dir='ltr'><strong>hoc</strong></span> <span class='ocrx_word' id='word_1_172' title='bbox 1355 2754 1582 2822; x_wconf 84' lang='lat' dir='ltr'><strong>effectu</strong></span> <span class='ocrx_word' id='word_1_173' title='bbox 1625 2754 1862 2822; x_wconf 89' lang='lat' dir='ltr'><strong>scribat</strong></span> <span class='ocrx_word' id='word_1_174' title='bbox 1900 2755 2093 2822; x_wconf 89' lang='lat' dir='ltr'><strong>etiam</strong></span> <span class='ocrx_word' id='word_1_175' title='bbox 2140 2755 2223 2821; x_wconf 89' lang='lat' dir='ltr'><strong>ad</strong></span> <span class='ocrx_word' id='word_1_176' title='bbox 2262 2752 2459 2834; x_wconf 89' lang='lat' dir='ltr'><strong>illum,</strong></span> <span class='ocrx_word' id='word_1_177' title='bbox 2524 2771 2718 2820; x_wconf 90' lang='lat' dir='ltr'><strong>unum</strong></span> <span class='ocrx_word' id='word_1_178' title='bbox 2764 2752 2950 2819; x_wconf 90' lang='lat' dir='ltr'><strong>breve</strong></span> 
     </span>
     <span class='ocr_line' id='line_1_23' title="bbox 605 2854 2941 2941; baseline -0.001 -20"><span class='ocrx_word' id='word_1_179' title='bbox 605 2860 669 2921; x_wconf 92' lang='lat' dir='ltr'><strong>et</strong></span> <span class='ocrx_word' id='word_1_180' title='bbox 713 2854 1108 2922; x_wconf 84' lang='lat' dir='ltr'><strong>tabellarium</strong></span> <span class='ocrx_word' id='word_1_181' title='bbox 1153 2856 1426 2939; x_wconf 89' lang='lat' dir='ltr'><strong>aliquem</strong></span> <span class='ocrx_word' id='word_1_182' title='bbox 1482 2858 1802 2941; x_wconf 90' lang='lat' dir='ltr'><strong>proprium</strong></span> <span class='ocrx_word' id='word_1_183' title='bbox 1865 2858 2085 2923; x_wconf 89' lang='lat' dir='ltr'><strong>mittat</strong></span> <span class='ocrx_word' id='word_1_184' title='bbox 2139 2855 2538 2938; x_wconf 86' lang='lat' dir='ltr'><strong>declaretque</strong></span> <span class='ocrx_word' id='word_1_185' title='bbox 2581 2855 2941 2921; x_wconf 88' lang='lat' dir='ltr'><strong>missionem</strong></span> 
     </span>
     <span class='ocr_line' id='line_1_24' title="bbox 597 2956 2947 3042; baseline -0.001 -19"><span class='ocrx_word' id='word_1_186' title='bbox 597 2956 950 3024; x_wconf 90' lang='lat' dir='ltr'><strong>huiusmodi</strong></span> <span class='ocrx_word' id='word_1_187' title='bbox 993 2959 1398 3041; x_wconf 85' lang='lat' dir='ltr'><strong>pecuniarum</strong></span> <span class='ocrx_word' id='word_1_188' title='bbox 1441 2977 1556 3041; x_wconf 90' lang='lat' dir='ltr'><strong>pro</strong></span> <span class='ocrx_word' id='word_1_189' title='bbox 1598 2977 1763 3026; x_wconf 90' lang='lat' dir='ltr'><strong>nunc</strong></span> <span class='ocrx_word' id='word_1_190' title='bbox 1793 2958 2084 3025; x_wconf 89' lang='lat' dir='ltr'><strong>hortetur</strong></span> <span class='ocrx_word' id='word_1_191' title='bbox 2134 2963 2200 3025; x_wconf 92' lang='lat' dir='ltr'><strong>et</strong></span> <span class='ocrx_word' id='word_1_192' title='bbox 2241 2957 2550 3042; x_wconf 79' lang='lat' dir='ltr'><strong>persuade</strong></span> <span class='ocrx_word' id='word_1_193' title='bbox 2559 2961 2630 3024; x_wconf 90' lang='lat' dir='ltr'><strong>at</strong></span> <span class='ocrx_word' id='word_1_194' title='bbox 2658 2956 2835 3022; x_wconf 88' lang='lat' dir='ltr'><strong>illum</strong></span> <span class='ocrx_word' id='word_1_195' title='bbox 2864 2956 2947 3021; x_wconf 89' lang='lat' dir='ltr'><strong>ad</strong></span> 
     </span>
     <span class='ocr_line' id='line_1_25' title="bbox 599 3059 2946 3143; baseline -0.001 -17"><span class='ocrx_word' id='word_1_196' title='bbox 599 3060 1127 3143; x_wconf 88' lang='lat' dir='ltr'><strong>perseverandum</strong></span> <span class='ocrx_word' id='word_1_197' title='bbox 1170 3062 1237 3127; x_wconf 93' lang='lat' dir='ltr'><strong>in</strong></span> <span class='ocrx_word' id='word_1_198' title='bbox 1277 3060 1446 3127; x_wconf 88' lang='lat' dir='ltr'><strong>bona</strong></span> <span class='ocrx_word' id='word_1_199' title='bbox 1497 3067 1564 3128; x_wconf 92' lang='lat' dir='ltr'><strong>et</strong></span> <span class='ocrx_word' id='word_1_200' title='bbox 1614 3062 1913 3143; x_wconf 86' lang='lat' dir='ltr'><strong>religiosa</strong></span> <span class='ocrx_word' id='word_1_201' title='bbox 1976 3079 2091 3127; x_wconf 90' lang='lat' dir='ltr'><strong>sua</strong></span> <span class='ocrx_word' id='word_1_202' title='bbox 2158 3059 2582 3143; x_wconf 88' lang='lat' dir='ltr'><strong>dispositione,</strong></span> <span class='ocrx_word' id='word_1_203' title='bbox 2646 3065 2946 3125; x_wconf 91' lang='lat' dir='ltr'><strong>memoret</strong></span> 
     </span>
     <span class='ocr_line' id='line_1_26' title="bbox 601 3161 2944 3247; baseline -0.001 -18"><span class='ocrx_word' id='word_1_204' title='bbox 601 3162 878 3244; x_wconf 84' lang='lat' dir='ltr'><strong>pericula</strong></span> <span class='ocrx_word' id='word_1_205' title='bbox 944 3161 1063 3228; x_wconf 90' lang='lat' dir='ltr'><strong>sibi</strong></span> <span class='ocrx_word' id='word_1_206' title='bbox 1122 3163 1516 3230; x_wconf 88' lang='lat' dir='ltr'><strong>imminentia</strong></span> <span class='ocrx_word' id='word_1_207' title='bbox 1579 3163 1778 3247; x_wconf 84' lang='lat' dir='ltr'><strong>magis</strong></span> <span class='ocrx_word' id='word_1_208' title='bbox 1841 3180 1919 3229; x_wconf 84' lang='lat' dir='ltr'><strong>ex</strong></span> <span class='ocrx_word' id='word_1_209' title='bbox 1982 3163 2433 3246; x_wconf 89' lang='lat' dir='ltr'><strong>compositione</strong></span> <span class='ocrx_word' id='word_1_210' title='bbox 2474 3167 2540 3228; x_wconf 91' lang='lat' dir='ltr'><strong>et</strong></span> <span class='ocrx_word' id='word_1_211' title='bbox 2589 3161 2944 3229; x_wconf 90' lang='lat' dir='ltr'><strong>conditione</strong></span> 
     </span>
     <span class='ocr_line' id='line_1_27' title="bbox 598 3263 2949 3350; baseline -0.002 -19"><span class='ocrx_word' id='word_1_212' title='bbox 598 3264 814 3347; x_wconf 88' lang='lat' dir='ltr'><strong>aliqua</strong></span> <span class='ocrx_word' id='word_1_213' title='bbox 854 3283 994 3331; x_wconf 92' lang='lat' dir='ltr'><strong>cum</strong></span> <span class='ocrx_word' id='word_1_214' title='bbox 1023 3266 1244 3349; x_wconf 87' lang='lat' dir='ltr'><strong>Turco,</strong></span> <span class='ocrx_word' id='word_1_215' title='bbox 1283 3284 1471 3349; x_wconf 90' lang='lat' dir='ltr'><strong>quam</strong></span> <span class='ocrx_word' id='word_1_216' title='bbox 1513 3286 1592 3333; x_wconf 86' lang='lat' dir='ltr'><strong>ex</strong></span> <span class='ocrx_word' id='word_1_217' title='bbox 1638 3265 1828 3347; x_wconf 90' lang='lat' dir='ltr'><strong>bello;</strong></span> <span class='ocrx_word' id='word_1_218' title='bbox 1867 3267 2203 3350; x_wconf 88' lang='lat' dir='ltr'><strong>promittat</strong></span> <span class='ocrx_word' id='word_1_219' title='bbox 2243 3271 2310 3333; x_wconf 88' lang='lat' dir='ltr'><strong>et</strong></span> <span class='ocrx_word' id='word_1_220' title='bbox 2354 3264 2625 3331; x_wconf 89' lang='lat' dir='ltr'><strong>affirmet</strong></span> <span class='ocrx_word' id='word_1_221' title='bbox 2651 3281 2721 3330; x_wconf 89' lang='lat' dir='ltr'><strong>se</strong></span> <span class='ocrx_word' id='word_1_222' title='bbox 2747 3263 2949 3330; x_wconf 90' lang='lat' dir='ltr'><strong>eidem</strong></span> 
     </span>
     <span class='ocr_line' id='line_1_28' title="bbox 597 3364 2945 3452; baseline -0.001 -18"><span class='ocrx_word' id='word_1_223' title='bbox 597 3366 897 3450; x_wconf 84' lang='lat' dir='ltr'><strong>Vayvode</strong></span> <span class='ocrx_word' id='word_1_224' title='bbox 939 3369 1016 3435; x_wconf 93' lang='lat' dir='ltr'><strong>de</strong></span> <span class='ocrx_word' id='word_1_225' title='bbox 1058 3369 1363 3451; x_wconf 89' lang='lat' dir='ltr'><strong>promisso</strong></span> <span class='ocrx_word' id='word_1_226' title='bbox 1411 3368 1685 3436; x_wconf 88' lang='lat' dir='ltr'><strong>subsidio</strong></span> <span class='ocrx_word' id='word_1_227' title='bbox 1727 3368 1901 3434; x_wconf 90' lang='lat' dir='ltr'><strong>ultra</strong></span> <span class='ocrx_word' id='word_1_228' title='bbox 1944 3372 2300 3451; x_wconf 90' lang='lat' dir='ltr'><strong>presentem</strong></span> <span class='ocrx_word' id='word_1_229' title='bbox 2348 3368 2776 3452; x_wconf 87' lang='lat' dir='ltr'><strong>quantitatem</strong></span> <span class='ocrx_word' id='word_1_230' title='bbox 2813 3364 2945 3433; x_wconf 85' lang='lat' dir='ltr'><strong>suf·</strong></span> 
     </span>
     <span class='ocr_line' id='line_1_29' title="bbox 597 3468 2947 3555; baseline -0.001 -20"><span class='ocrx_word' id='word_1_231' title='bbox 597 3468 883 3537; x_wconf 88' lang='lat' dir='ltr'><strong>ficienter</strong></span> <span class='ocrx_word' id='word_1_232' title='bbox 925 3471 1392 3555; x_wconf 88' lang='lat' dir='ltr'><strong>opitulaturam,</strong></span> <span class='ocrx_word' id='word_1_233' title='bbox 1440 3477 1508 3539; x_wconf 92' lang='lat' dir='ltr'><strong>et</strong></span> <span class='ocrx_word' id='word_1_234' title='bbox 1549 3472 1678 3537; x_wconf 89' lang='lat' dir='ltr'><strong>sint</strong></span> <span class='ocrx_word' id='word_1_235' title='bbox 1719 3470 1914 3537; x_wconf 88' lang='lat' dir='ltr'><strong>verba</strong></span> <span class='ocrx_word' id='word_1_236' title='bbox 1956 3470 2167 3537; x_wconf 89' lang='lat' dir='ltr'><strong>brevis</strong></span> <span class='ocrx_word' id='word_1_237' title='bbox 2207 3469 2562 3536; x_wconf 90' lang='lat' dir='ltr'><strong>huiusmodi</strong></span> <span class='ocrx_word' id='word_1_238' title='bbox 2631 3474 2763 3535; x_wconf 88' lang='lat' dir='ltr'><strong>tam</strong></span> <span class='ocrx_word' id='word_1_239' title='bbox 2800 3486 2947 3549; x_wconf 88' lang='lat' dir='ltr'><strong>par·</strong></span> 
     </span>
     <span class='ocr_line' id='line_1_30' title="bbox 597 3570 2946 3658; baseline -0 -20"><span class='ocrx_word' id='word_1_240' title='bbox 597 3572 888 3639; x_wconf 89' lang='lat' dir='ltr'><strong>ticularia</strong></span> <span class='ocrx_word' id='word_1_241' title='bbox 950 3574 1159 3642; x_wconf 86' lang='lat' dir='ltr'><strong>valida</strong></span> <span class='ocrx_word' id='word_1_242' title='bbox 1223 3580 1289 3641; x_wconf 90' lang='lat' dir='ltr'><strong>et</strong></span> <span class='ocrx_word' id='word_1_243' title='bbox 1352 3573 1651 3649; x_wconf 87' lang='lat' dir='ltr'><strong>efficacia,</strong></span> <span class='ocrx_word' id='word_1_244' title='bbox 1710 3574 1878 3658; x_wconf 87' lang='lat' dir='ltr'><strong>quod</strong></span> <span class='ocrx_word' id='word_1_245' title='bbox 1942 3572 2257 3640; x_wconf 89' lang='lat' dir='ltr'><strong>sufficiant</strong></span> <span class='ocrx_word' id='word_1_246' title='bbox 2317 3591 2461 3639; x_wconf 90' lang='lat' dir='ltr'><strong>cum</strong></span> <span class='ocrx_word' id='word_1_247' title='bbox 2506 3570 2946 3655; x_wconf 90' lang='lat' dir='ltr'><strong>suprascripto</strong></span> 
     </span>
     <span class='ocr_line' id='line_1_31' title="bbox 593 3674 2947 3760; baseline 0 -20"><span class='ocrx_word' id='word_1_248' title='bbox 593 3674 758 3743; x_wconf 92' lang='lat' dir='ltr'><strong>bono</strong></span> <span class='ocrx_word' id='word_1_249' title='bbox 791 3676 1098 3760; x_wconf 90' lang='lat' dir='ltr'><strong>principio</strong></span> <span class='ocrx_word' id='word_1_250' title='bbox 1142 3680 1209 3743; x_wconf 87' lang='lat' dir='ltr'><strong>et</strong></span> <span class='ocrx_word' id='word_1_251' title='bbox 1251 3678 1480 3745; x_wconf 84' lang='lat' dir='ltr'><strong>effectu</strong></span> <span class='ocrx_word' id='word_1_252' title='bbox 1520 3678 1603 3744; x_wconf 89' lang='lat' dir='ltr'><strong>ad</strong></span> <span class='ocrx_word' id='word_1_253' title='bbox 1645 3677 2151 3760; x_wconf 88' lang='lat' dir='ltr'><strong>persuadendum</strong></span> <span class='ocrx_word' id='word_1_254' title='bbox 2183 3675 2551 3759; x_wconf 84' lang='lat' dir='ltr'><strong>Vayvodam</strong></span> <span class='ocrx_word' id='word_1_255' title='bbox 2588 3674 2947 3758; x_wconf 90' lang='lat' dir='ltr'><strong>predictum</strong></span> 
     </span>
     <span class='ocr_line' id='line_1_32' title="bbox 599 3777 2947 3861; baseline 0 -17"><span class='ocrx_word' id='word_1_256' title='bbox 599 3783 665 3843; x_wconf 91' lang='lat' dir='ltr'><strong>et</strong></span> <span class='ocrx_word' id='word_1_257' title='bbox 709 3778 790 3845; x_wconf 87' lang='lat' dir='ltr'><strong>ad</strong></span> <span class='ocrx_word' id='word_1_258' title='bbox 833 3780 1166 3845; x_wconf 88' lang='lat' dir='ltr'><strong>tenendum</strong></span> <span class='ocrx_word' id='word_1_259' title='bbox 1208 3780 1388 3845; x_wconf 91' lang='lat' dir='ltr'><strong>illum</strong></span> <span class='ocrx_word' id='word_1_260' title='bbox 1427 3797 1510 3846; x_wconf 93' lang='lat' dir='ltr'><strong>ne</strong></span> <span class='ocrx_word' id='word_1_261' title='bbox 1552 3798 1696 3847; x_wconf 90' lang='lat' dir='ltr'><strong>cum</strong></span> <span class='ocrx_word' id='word_1_262' title='bbox 1737 3780 1939 3845; x_wconf 88' lang='lat' dir='ltr'><strong>Turco</strong></span> <span class='ocrx_word' id='word_1_263' title='bbox 1991 3781 2072 3846; x_wconf 84' lang='lat' dir='ltr'><strong>ad</strong></span> <span class='ocrx_word' id='word_1_264' title='bbox 2116 3777 2393 3861; x_wconf 87' lang='lat' dir='ltr'><strong>aliquam</strong></span> <span class='ocrx_word' id='word_1_265' title='bbox 2442 3778 2736 3856; x_wconf 84' lang='lat' dir='ltr'><strong>deveniat</strong></span> <span class='ocrx_word' id='word_1_266' title='bbox 2776 3779 2947 3861; x_wconf 88' lang='lat' dir='ltr'><strong>paci-</strong></span> 
     </span>
     <span class='ocr_line' id='line_1_33' title="bbox 595 3878 2971 3967; baseline 0 -21"><span class='ocrx_word' id='word_1_267' title='bbox 595 3878 952 3947; x_wconf 89' lang='lat' dir='ltr'><strong>ficationem</strong></span> <span class='ocrx_word' id='word_1_268' title='bbox 995 3883 1093 3948; x_wconf 89' lang='lat' dir='ltr'><strong>vel</strong></span> <span class='ocrx_word' id='word_1_269' title='bbox 1139 3882 1552 3965; x_wconf 87' lang='lat' dir='ltr'><strong>concordiam,</strong></span> <span class='ocrx_word' id='word_1_270' title='bbox 1621 3901 1746 3967; x_wconf 87' lang='lat' dir='ltr'><strong>que</strong></span> <span class='ocrx_word' id='word_1_271' title='bbox 1798 3900 1939 3949; x_wconf 89' lang='lat' dir='ltr'><strong>esse</strong></span> <span class='ocrx_word' id='word_1_272' title='bbox 1981 3900 2109 3949; x_wconf 90' lang='lat' dir='ltr'><strong>non</strong></span> <span class='ocrx_word' id='word_1_273' title='bbox 2145 3886 2359 3966; x_wconf 90' lang='lat' dir='ltr'><strong>posset</strong></span> <span class='ocrx_word' id='word_1_274' title='bbox 2400 3882 2536 3948; x_wconf 89' lang='lat' dir='ltr'><strong>sine</strong></span> <span class='ocrx_word' id='word_1_275' title='bbox 2580 3882 2765 3948; x_wconf 89' lang='lat' dir='ltr'><strong>ruina</strong></span> <span class='ocrx_word' id='word_1_276' title='bbox 2808 3900 2971 3963; x_wconf 64' lang='lat' dir='ltr'><strong>sua,</strong></span> 
     </span>
     <span class='ocr_line' id='line_1_34' title="bbox 592 3983 2975 4053; baseline 0 -3"><span class='ocrx_word' id='word_1_277' title='bbox 592 3990 661 4050; x_wconf 91' lang='lat' dir='ltr'><strong>et</strong></span> <span class='ocrx_word' id='word_1_278' title='bbox 687 3984 958 4050; x_wconf 88' lang='lat' dir='ltr'><strong>maxima</strong></span> <span class='ocrx_word' id='word_1_279' title='bbox 985 3984 1466 4053; x_wconf 88' lang='lat' dir='ltr'><strong>christianarum</strong></span> <span class='ocrx_word' id='word_1_280' title='bbox 1494 4004 1708 4053; x_wconf 90' lang='lat' dir='ltr'><strong>rerum</strong></span> <span class='ocrx_word' id='word_1_281' title='bbox 1738 3984 2129 4053; x_wconf 86' lang='lat' dir='ltr'><strong>calamitate:</strong></span> <span class='ocrx_word' id='word_1_282' title='bbox 2176 3985 2317 4052; x_wconf 90' lang='lat' dir='ltr'><strong>Hoc</strong></span> <span class='ocrx_word' id='word_1_283' title='bbox 2347 3985 2555 4052; x_wconf 85' lang='lat' dir='ltr'><strong>facere</strong></span> <span class='ocrx_word' id='word_1_284' title='bbox 2586 3984 2774 4051; x_wconf 87' lang='lat' dir='ltr'><strong>debet</strong></span> <span class='ocrx_word' id='word_1_285' title='bbox 2802 3983 2975 4051; x_wconf 87' lang='lat' dir='ltr'><strong>bea--</strong></span> 
     </span>
     <span class='ocr_line' id='line_1_35' title="bbox 590 4085 2942 4173; baseline 0.002 -22"><span class='ocrx_word' id='word_1_286' title='bbox 590 4085 802 4152; x_wconf 90' lang='lat' dir='ltr'><strong>titudo</strong></span> <span class='ocrx_word' id='word_1_287' title='bbox 844 4086 982 4169; x_wconf 90' lang='lat' dir='ltr'><strong>ipsa</strong></span> <span class='ocrx_word' id='word_1_288' title='bbox 1017 4106 1092 4155; x_wconf 89' lang='lat' dir='ltr'><strong>eo</strong></span> <span class='ocrx_word' id='word_1_289' title='bbox 1135 4089 1487 4171; x_wconf 88' lang='lat' dir='ltr'><strong>promptius</strong></span> <span class='ocrx_word' id='word_1_290' title='bbox 1531 4093 1599 4154; x_wconf 92' lang='lat' dir='ltr'><strong>et</strong></span> <span class='ocrx_word' id='word_1_291' title='bbox 1641 4088 1963 4155; x_wconf 86' lang='lat' dir='ltr'><strong>liberalius</strong></span> <span class='ocrx_word' id='word_1_292' title='bbox 2014 4107 2139 4171; x_wconf 89' lang='lat' dir='ltr'><strong>quo</strong></span> <span class='ocrx_word' id='word_1_293' title='bbox 2180 4087 2542 4173; x_wconf 89' lang='lat' dir='ltr'><strong>petentibus</strong></span> <span class='ocrx_word' id='word_1_294' title='bbox 2587 4086 2942 4155; x_wconf 88' lang='lat' dir='ltr'><strong>oratoribus</strong></span> 
     </span>
     <span class='ocr_line' id='line_1_36' title="bbox 597 4188 2969 4275; baseline 0.001 -22"><span class='ocrx_word' id='word_1_295' title='bbox 597 4188 868 4271; x_wconf 89' lang='lat' dir='ltr'><strong>predicti</strong></span> <span class='ocrx_word' id='word_1_296' title='bbox 913 4188 1230 4273; x_wconf 84' lang='lat' dir='ltr'><strong>Vayvode‚</strong></span> <span class='ocrx_word' id='word_1_297' title='bbox 1274 4195 1341 4257; x_wconf 91' lang='lat' dir='ltr'><strong>et</strong></span> <span class='ocrx_word' id='word_1_298' title='bbox 1381 4191 1561 4258; x_wconf 90' lang='lat' dir='ltr'><strong>nobis</strong></span> <span class='ocrx_word' id='word_1_299' title='bbox 1603 4210 1718 4275; x_wconf 90' lang='lat' dir='ltr'><strong>per</strong></span> <span class='ocrx_word' id='word_1_300' title='bbox 1753 4192 2031 4258; x_wconf 89' lang='lat' dir='ltr'><strong>medium</strong></span> <span class='ocrx_word' id='word_1_301' title='bbox 2080 4192 2199 4259; x_wconf 91' lang='lat' dir='ltr'><strong>viri</strong></span> <span class='ocrx_word' id='word_1_302' title='bbox 2241 4189 2467 4258; x_wconf 90' lang='lat' dir='ltr'><strong>nobilis</strong></span> <span class='ocrx_word' id='word_1_303' title='bbox 2510 4190 2771 4257; x_wconf 89' lang='lat' dir='ltr'><strong>Antonii</strong></span> <span class='ocrx_word' id='word_1_304' title='bbox 2816 4190 2969 4256; x_wconf 85' lang='lat' dir='ltr'><strong>Do--</strong></span> 
     </span>
     <span class='ocr_line' id='line_1_37' title="bbox 592 4291 2943 4361; baseline 0.002 -5"><span class='ocrx_word' id='word_1_305' title='bbox 592 4295 749 4357; x_wconf 86' lang='lat' dir='ltr'><strong>nato</strong></span> <span class='ocrx_word' id='word_1_306' title='bbox 792 4291 1012 4358; x_wconf 86' lang='lat' dir='ltr'><strong>militis</strong></span> <span class='ocrx_word' id='word_1_307' title='bbox 1054 4294 1323 4361; x_wconf 85' lang='lat' dir='ltr'><strong>oratoris</strong></span> <span class='ocrx_word' id='word_1_308' title='bbox 1363 4294 1568 4359; x_wconf 89' lang='lat' dir='ltr'><strong>nostri</strong></span> <span class='ocrx_word' id='word_1_309' title='bbox 1610 4293 2149 4361; x_wconf 90' lang='lat' dir='ltr'><strong>intercedentibus</strong></span> <span class='ocrx_word' id='word_1_310' title='bbox 2189 4298 2258 4360; x_wconf 92' lang='lat' dir='ltr'><strong>et</strong></span> <span class='ocrx_word' id='word_1_311' title='bbox 2297 4293 2681 4361; x_wconf 87' lang='lat' dir='ltr'><strong>instantibus</strong></span> <span class='ocrx_word' id='word_1_312' title='bbox 2722 4292 2943 4360; x_wconf 88' lang='lat' dir='ltr'><strong>subve-</strong></span> 
     </span>
     <span class='ocr_line' id='line_1_38' title="bbox 587 4391 2940 4482; baseline 0.001 -25"><span class='ocrx_word' id='word_1_313' title='bbox 587 4392 712 4458; x_wconf 88' lang='lat' dir='ltr'><strong>niri</strong></span> <span class='ocrx_word' id='word_1_314' title='bbox 755 4394 1034 4475; x_wconf 86' lang='lat' dir='ltr'><strong>predicto</strong></span> <span class='ocrx_word' id='word_1_315' title='bbox 1081 4394 1394 4480; x_wconf 79' lang='lat' dir='ltr'><strong>Vayvode,</strong></span> <span class='ocrx_word' id='word_1_316' title='bbox 1440 4402 1572 4463; x_wconf 89' lang='lat' dir='ltr'><strong>tam</strong></span> <span class='ocrx_word' id='word_1_317' title='bbox 1618 4398 1698 4463; x_wconf 92' lang='lat' dir='ltr'><strong>de</strong></span> <span class='ocrx_word' id='word_1_318' title='bbox 1740 4396 2025 4479; x_wconf 89' lang='lat' dir='ltr'><strong>pecuniis</strong></span> <span class='ocrx_word' id='word_1_319' title='bbox 2065 4397 2327 4479; x_wconf 86' lang='lat' dir='ltr'><strong>decime,</strong></span> <span class='ocrx_word' id='word_1_320' title='bbox 2387 4415 2577 4482; x_wconf 87' lang='lat' dir='ltr'><strong>quam</strong></span> <span class='ocrx_word' id='word_1_321' title='bbox 2618 4391 2940 4461; x_wconf 88' lang='lat' dir='ltr'><strong>contribu-</strong></span> 
     </span>
     <span class='ocr_line' id='line_1_39' title="bbox 587 4488 2971 4584; baseline 0.001 -23"><span class='ocrx_word' id='word_1_322' title='bbox 587 4494 796 4580; x_wconf 80' lang='lat' dir='ltr'><strong>tioniS,</strong></span> <span class='ocrx_word' id='word_1_323' title='bbox 841 4495 1170 4566; x_wconf 89' lang='lat' dir='ltr'><strong>beatitudo</strong></span> <span class='ocrx_word' id='word_1_324' title='bbox 1230 4498 1370 4582; x_wconf 89' lang='lat' dir='ltr'><strong>ipsa</strong></span> <span class='ocrx_word' id='word_1_325' title='bbox 1422 4504 1726 4567; x_wconf 85' lang='lat' dir='ltr'><strong>excusata</strong></span> <span class='ocrx_word' id='word_1_326' title='bbox 1769 4500 1976 4582; x_wconf 90' lang='lat' dir='ltr'><strong>prima</strong></span> <span class='ocrx_word' id='word_1_327' title='bbox 2014 4488 2419 4583; x_wconf 62' lang='lat' dir='ltr'><strong>pecuniarum</strong></span> <span class='ocrx_word' id='word_1_328' title='bbox 2461 4498 2817 4584; x_wconf 87' lang='lat' dir='ltr'><strong>quantitate</strong></span> <span class='ocrx_word' id='word_1_329' title='bbox 2864 4516 2971 4565; x_wconf 83' lang='lat' dir='ltr'><strong>ex.</strong></span> 
     </span>
    </p>
   </div>
  </div>
 </body>
</html>
