3793 5187
1944 607 2066 670 170

1784 696 1843 707 ,ἢ

817 829 957 878 rum
1016 811 1451 877 cristianamm
1510 813 1807 877 maiorem
1866 813 2204 878 immodum
2265 815 2735 880 accomodatam
2807 814 3164 896 huJusmodi

818 916 1143 981 victoriam
1208 919 1275 979 et
1328 914 1723 997 adeptionem
1788 915 2234 981 existimamus.
2321 917 2682 982 Laudamus
2753 935 2968 983 curam
3032 924 3167 982 stu-

815 1018 986 1084 dium
1030 1023 1096 1084 et
1138 1019 1527 1101 diligentiam
1584 1024 1777 1084 tuam.
1864 1020 1952 1084 Et
2015 1019 2298 1084 volumus
2357 1021 2598 1101 tibique
2663 1021 3046 1102 imperamus
3087 1027 3164 1086 ut

818 1139 961 1186 cum
1002 1121 1155 1185 mmo
1198 1121 1499 1204 Vayvoda
1536 1121 1793 1187 Stefano
1839 1122 2176 1204 gratuleris
2240 1123 2493 1186 nomine
2551 1127 2769 1216 nostro
2825 1141 2968 1188 cum
3034 1123 3164 1188 illis

816 1223 1177 1289 melioribus
1219 1229 1283 1290 et
1326 1225 1733 1306 amplioribus
1791 1224 2018 1304 verbis,
2079 1243 2200 1306 que
2258 1224 2377 1290 tibi
2439 1225 2773 1290 videantur
2834 1225 2915 1290 ad
2961 1230 3159 1290 mate-

816 1327 975 1390 riam
1020 1328 1468 1394 convenientia.
1515 1328 1653 1394 Hoc
1678 1329 1843 1394 idem
1886 1327 2081 1393 facias
2125 1346 2264 1393 cum
2304 1327 2637 1410 Magnifice
2668 1327 2963 1394 Ladislao
2994 1328 3159 1392 Dra·

815 1429 1007 1512 gulia,
1052 1435 1117 1497 et
1157 1430 1489 1513 Magnifico
1534 1431 1789 1496 Stefano
1834 1431 2048 1509 Bator,
2097 1434 2163 1495 et
2205 1431 2346 1495 aliis
2397 1430 2758 1511 Capitaneis
2824 1434 2888 1494 et
2954 1429 3156 1494 domi·

816 1532 915 1596 nis
960 1532 1367 1614 participibus
1412 1533 1596 1598 huius
1640 1534 1839 1615 glorie
1876 1551 2018 1598 cum
2037 1533 2264 1614 quibus
2305 1533 2685 1614 contingerit
2734 1537 2800 1597 te
2843 1533 3163 1598 commode

816 1635 1079 1716 reperiri
1120 1641 1371 1701 servato
1416 1636 1639 1701 decoro
1686 1654 1827 1702 cum
1870 1653 2246 1716 unoquoque
2287 1639 2353 1699 et
2399 1633 2619 1698 habita
2671 1634 2917 1700 ratione
2959 1634 3160 1715 digni-

816 1738 971 1802 tatis
1012 1737 1246 1820 gradus
1291 1738 1719 1803 conditionum
1780 1743 1847 1802 et
1890 1738 2252 1803 meritorum
2311 1737 2801 1818 uniuscujusque
2861 1755 3002 1802 cum
3051 1737 3160 1802 ho·

814 1838 1075 1904 norifica
1140 1858 1388 1921 semper
1446 1841 1761 1904 mentione
1832 1841 2007 1920 regie
2069 1839 2420 1905 Maiestatis
2493 1839 2815 1921 Hungarie
2886 1839 3158 1904 horteris

816 1941 1077 2008 subinde
1121 1945 1497 2025 persuadeas
1554 1950 1619 2008 et
1670 1943 1956 2008 inflames
2013 1945 2096 2008 ad
2159 1943 2659 2025 prosecutionem
2711 1941 2990 2021 victorie,
3039 1961 3164 2024 que

813 2045 941 2109 illis
985 2065 1109 2110 non
1152 2052 1361 2128 potest
1402 2066 1525 2112 non
1570 2065 1707 2112 esse
1750 2046 2150 2128 paratissima
2187 2050 2253 2112 et
2295 2047 2644 2112 certissima
2687 2046 2743 2110 si
2789 2045 3016 2110 bonam
3061 2047 3158 2110 in-

818 2152 915 2213 ter
960 2149 1351 2214 concordiam
1413 2149 1894 2214 benivolentiam
1953 2155 2018 2214 et
2074 2148 2556 2231 intelligentiam
2625 2148 3030 2227 servaverint,
3079 2148 3160 2212 ad

816 2267 1005 2331 quam
1048 2269 1181 2316 rem
1226 2257 1297 2315 tu
1340 2253 1507 2316 omni
1572 2256 1683 2316 tuo
1740 2253 1952 2317 studio
2013 2269 2168 2316 cura
2229 2256 2295 2316 et
2359 2251 2751 2316 solicitudine
2795 2251 3054 2332 invigila
3095 2255 3162 2316 et

814 2353 1119 2420 incumbe.
1210 2353 1615 2436 Memoraque
1660 2359 1725 2420 et
1767 2354 2070 2435 promitte
2135 2354 2226 2418 eis
2285 2371 2410 2418 non
2470 2352 2832 2418 defuturum
2879 2353 3158 2418 divinum

816 2461 881 2522 et
924 2457 1265 2522 humanum
1309 2459 1499 2522 etiam
1547 2458 1879 2522 auxilium:
1939 2457 2112 2522 Deus
2157 2457 2322 2521 enim
2366 2457 2758 2538 omnipotens
2801 2457 2909 2537 qui
2955 2457 3164 2538 primo

815 2559 1105 2627 conflictu
1162 2579 1303 2626 cum
1364 2561 1565 2627 Bassa
1619 2560 1924 2627 Romanie
1981 2567 2114 2625 tam
2181 2559 2518 2641 gloriosam
2587 2560 2913 2625 victoriam
2982 2560 3158 2625 dedit

814 2664 969 2729 111m0
1014 2664 1308 2731 Stefano:
1368 2664 1456 2729 Et
1499 2664 1579 2729 ab
1626 2671 1805 2729 tanto
1845 2666 2086 2745 impetu
2132 2668 2197 2729 et
2239 2662 2447 2729 furore
2485 2682 2647 2728 anno
2713 2664 2991 2745 presenti
3033 2663 3160 2727 Ex-

814 2768 1106 2833 cellentia
1152 2769 1286 2833 eius
1326 2768 1617 2833 liberavit
1654 2772 1718 2833 et
1760 2766 2163 2833 conservavit.
2208 2766 2390 2830 Nunc
2420 2785 2568 2831 vero
2611 2766 2764 2830 111ῃιιιι
2793 2765 3156 2831 Ladislaum

814 2871 881 2935 in
938 2876 1211 2936 veterem
1277 2888 1456 2935 suam
1518 2870 1801 2935 restituit
1860 2868 2347 2935 dominationem
2427 2886 2567 2933 cum
2632 2873 2813 2933 tanta
2877 2868 3159 2949 ipsorum

816 2973 1092 3037 omnium
1134 2973 1337 3055 gloria
1382 2979 1447 3037 et
1490 2973 1824 3053 triumph0‚
1874 2990 2002 3035 non
2047 2977 2146 3035 est
2193 2972 2558 3036 deserturus
2583 2971 2816 3037 milites
2859 2975 2925 3036 et
2954 2970 3160 3035 athle-

815 3080 915 3141 tas
960 3094 1109 3141 suos
1154 3076 1264 3141 sed
1310 3082 1788 3141 conservaturus
1832 3075 2044 3156 potius
2089 3078 2154 3138 et
2197 3079 2495 3139 aucturus
2539 3092 2752 3139 omnes
2795 3072 3149 3154 felicitate5‚

816 3184 881 3242 et
918 3177 1164 3243 hostem
1208 3178 1460 3243 tandem
1504 3178 1879 3242 acerrimum
1929 3181 1994 3242 et
2037 3177 2306 3242 invisum
2349 3177 2824 3241 conculcaturus
2871 3181 2935 3242 et
2979 3178 3153 3259 peni-

814 3283 917 3345 tus
961 3280 1367 3345 extincturus
1437 3278 1779 3345 Christiani
1824 3284 2036 3345 autem
2079 3296 2261 3360 reges
2301 3283 2367 3344 et
2409 3279 2740 3361 principes,
2797 3284 3042 3345 tantam
3087 3280 3155 3344 in

815 3382 1075 3447 ducibus
1133 3388 1198 3447 et
1256 3382 1665 3448 bellatoribus
1719 3383 1845 3447 illis
1907 3382 2202 3447 virtutem
2266 3386 2332 3447 et
2391 3382 2807 3447 constantiam
2850 3382 3158 3461 videnteS‚

815 3491 1187 3551 concurrent
1230 3486 1517 3551 omnibus
1560 3487 1797 3552 viribus
1840 3488 1906 3551 in
1951 3503 2169 3551 eorum
2213 3484 2516 3549 auxilium
2580 3489 2644 3550 et
2703 3486 2770 3549 in
2813 3485 3158 3549 communis

816 3589 1014 3671 pestis
1058 3594 1123 3656 et
1165 3592 1433 3656 incendii
1477 3591 1935 3657 extinctionem.
2023 3588 2118 3653 Tu
2171 3594 2386 3670 partes
2444 3590 2600 3653 istas
2657 3588 2902 3669 explica
2942 3593 3008 3654 et
3051 3607 3157 3653 ex-

816 3710 1007 3773 agera
1050 3697 1354 3773 quantum
1392 3694 1647 3775 copiosa
1690 3695 1957 3757 materia
1999 3710 2112 3773 per
2156 3708 2224 3755 se
2261 3691 2439 3756 decet
2482 3695 2548 3756 et
2589 3691 2848 3772 patitur.

1018 3794 1449 3861 Illustrissimo
1506 3802 1719 3862 autem
1780 3794 2036 3861 Stefano
2101 3810 2379 3859 seorsum
2433 3794 2704 3874 declara,
2765 3811 2880 3858 nos
2939 3811 3154 3858 curam

804 3895 1179 3979 Jampridem
1223 3898 1572 3980 suscepisse
1628 3898 2092 3963 commodorum
2161 3896 2416 3962 honoris
2479 3900 2544 3961 et
2605 3914 2817 3961 rerum
2876 3896 3154 3960 omnium

814 4018 1087 4065 suarum.
1178 3992 1265 4065 Et
1310 4019 1451 4065 cum
1491 3998 1788 4083 pontifice
1844 3999 2116 4065 maximo
2173 4016 2310 4064 esse
2368 4003 2662 4079 operatos
2705 4003 2772 4062 et
2813 3996 3160 4063 obtinuisse

812 4108 887 4168 ut
932 4103 1209 4169 crutiata
1248 4104 1317 4168 in
1358 4103 1485 4169 illis
1528 4102 1814 4186 partibus
1860 4119 1975 4185 pro
2043 4119 2158 4168 suo
2219 4100 2430 4167 favore
2473 4100 2827 4183 publicetur
2871 4104 2937 4165 et
2979 4099 3018 4165 J
3022 4098 3156 4165 obi-

812 4206 981 4271 leum
1024 4205 1423 4285 concedatur,
1470 4224 1660 4288 super
1702 4203 1928 4286 quibus
1967 4203 2155 4269 rebus
2224 4202 2392 4269 bulle
2427 4204 2560 4285 jam
2621 4203 2908 4268 ordinate
2955 4206 3156 4281 erant,

815 4326 936 4391 que
1003 4308 1402 4374 solicitantur
1464 4326 1577 4390 per
1637 4312 1924 4373 nostrum
1990 4310 2304 4371 oratorem
2368 4306 2434 4370 in
2499 4306 2673 4371 curia
2729 4308 3036 4387 agentem,
3093 4308 3159 4369 et

814 4412 1151 4479 mittentur
1194 4412 1494 4494 evestigio
1536 4412 1619 4477 ad
1662 4409 2118 4477 Excellentiam
2161 4426 2359 4475 suam.
2448 4408 2778 4487 Querimus
2831 4407 3042 4486 etiam,
3093 4411 3164 4471 et

812 4516 1061 4581 assidue
1118 4515 1569 4598 queritabimus
1631 4519 1707 4580 ut
1767 4514 1847 4581 de
1907 4512 2186 4595 pecuniis
2253 4510 2597 4579 deliberate
2661 4510 3146 4577 contributionis
