3793 5187
1902 516 1984 576 38

776 723 986 786 mente
1034 721 1100 784 et
1143 715 1487 783 intentione
1540 715 1769 800 prefati
1830 717 2064 784 domini
2128 716 2332 800 RegiS,
2401 720 2467 782 et
2529 716 2984 800 disputationes
3034 735 3109 783 ac

775 813 1083 904 colloquia
1124 819 1341 887 habita
1367 826 1432 888 et
1458 822 1771 904 praticata
1796 821 2050 888 insimul
2087 839 2274 904 super
2301 820 2584 902 materia,
2631 824 2695 887 et
2725 820 3109 886 continentia

772 929 978 992 vestre
1021 925 1469 992 commissionis
1512 925 1985 991 deliberavimus
2017 923 2436 991 substantiam
2479 929 2544 990 et
2587 923 2872 991 effectum
2900 943 3109 990 rerum

772 1027 951 1096 nobis
1010 1027 1495 1112 significatarum
1552 1027 1727 1093 vobis
1783 1027 2108 1094 notificare
2167 1031 2233 1093 et
2285 1026 2617 1108 declarare,
2671 1031 2745 1092 ut
2786 1025 3002 1093 habita
3044 1031 3110 1092 et

773 1132 933 1199 scita
974 1129 1410 1197 informatione
1451 1131 1529 1197 de
1571 1129 1802 1196 talibus
1853 1136 2073 1212 postea
2114 1131 2180 1195 in
2222 1130 2582 1196 executione
2611 1130 2784 1196 vobis
2825 1129 3109 1196 commis-

773 1252 999 1314 sorum,
1044 1234 1300 1316 possitis
1343 1234 1597 1314 intrare,
1643 1235 1993 1316 procedere,
2039 1236 2104 1299 et
2142 1232 2321 1298 finire
2365 1250 2503 1298 cum
2545 1237 2832 1315 respectu
2878 1232 3105 1312 debito,

772 1344 838 1404 et
881 1356 1022 1404 cum
1064 1338 1249 1405 modo
1286 1340 1351 1403 et
1393 1336 1608 1418 forma,
1655 1357 1775 1420 que
1819 1338 1904 1403 sit
1949 1339 2016 1403 in
2058 1337 2261 1403 maius
2304 1336 2702 1419 avantagium
2745 1335 2998 1402 honoris
3046 1340 3110 1401 et

772 1441 1013 1508 comodi
1054 1440 1253 1506 nostri
1298 1443 1519 1504 status,
1610 1439 1818 1506 Primo
1862 1441 2026 1506 enim
2068 1439 2460 1506 recordatum
2503 1442 2601 1504 est
2643 1438 2839 1518 nobiS,
2889 1443 2963 1503 ut
3000 1457 3108 1505 vos

772 1544 1138 1623 advisemuS,
1201 1543 1367 1624 quod
1410 1541 1817 1608 intentionem
1858 1542 2058 1608 nostri
2103 1541 2360 1608 dominii
2402 1560 2528 1607 non
2572 1541 2935 1623 exprimatis
2977 1545 3108 1606 tam

770 1649 896 1715 cito
937 1648 1003 1712 in
1044 1646 1481 1728 promissiones
1524 1646 1933 1727 pecuniarias,
1979 1647 2102 1712 nisi
2145 1645 2436 1728 primitus
2479 1645 2772 1711 videretis
2817 1643 3110 1709 habiliter

769 1769 894 1817 non
937 1767 1117 1832 posse
1159 1749 1330 1814 aliud
1371 1747 1593 1814 facere.
1683 1749 1843 1814 Item
1887 1750 2052 1830 quod
2095 1747 2207 1813 fiat
2248 1748 2468 1829 petitio
2505 1765 2619 1830 per
2662 1764 2770 1812 vos
2815 1744 2891 1811 de
2938 1743 3109 1812 Sibe-

769 1855 908 1921 nico
957 1857 1022 1920 et
1067 1851 1367 1935 Tragurio
1396 1858 1653 1935 propter
1683 1851 2057 1935 emptionem
2085 1850 2336 1932 factam,
2382 1855 2447 1916 et
2476 1855 2842 1932 perpetuam
2872 1867 3108 1932 pacem,

773 1975 847 2022 ac
890 1953 1290 2022 evitationem
1347 1955 1796 2022 scandalorum.
1886 1955 2032 2020 ffiat
2074 1953 2264 2020 etiam
2322 1954 2400 2019 de
2442 1951 2824 2034 quietatione
2869 1954 3108 2034 septem

770 2058 1034 2124 millium
1077 2059 1444 2124 ducatorum
1490 2062 1743 2140 propter
1794 2061 2031 2141 portus.
2121 2057 2268 2122 Fiat
2309 2056 2498 2121 etiam
2542 2055 2762 2138 petitio
2806 2055 2884 2120 de
2926 2054 3109 2120 resti-

772 2161 1015 2227 tutione
1059 2164 1368 2226 terrarum
1428 2160 1814 2240 amissarum,
1877 2159 2024 2241 quia
2066 2159 2185 2224 hoc
2227 2158 2598 2240 intelligitur
2655 2176 2900 2240 semper
2941 2156 3111 2224 facta

768 2281 935 2346 pace,
983 2267 1048 2328 et
1090 2263 1240 2344 quia
1285 2263 1667 2329 territorium
1712 2267 1993 2329 nostrum
2035 2280 2160 2328 non
2208 2267 2372 2327 esset
2403 2264 2628 2326 tutum.
2695 2260 2854 2326 Item
2883 2258 2996 2325 fiat
3029 2260 3108 2325 de

770 2364 1234 2433 confirmatione
1278 2371 1586 2433 terrarum
1629 2367 2043 2450 imperialium
2088 2365 2323 2447 absque
2372 2365 2809 2448 recognitione,
2854 2369 3109 2446 propter

766 2468 1060 2551 pecunias
1102 2469 1333 2535 multas
1378 2487 1678 2552 expensas
1735 2473 1799 2535 et
1855 2473 2112 2551 propter
2168 2469 2325 2534 alias
2385 2472 2648 2548 secutaS,
2711 2471 2776 2533 et
2819 2466 3110 2532 continue

767 2573 1134 2655 sequendaS,
1189 2591 1301 2655 pro
1345 2571 1712 2640 liberatione
1753 2571 1896 2639 fidei
1944 2571 2298 2653 christiane,
2352 2575 2417 2637 et
2461 2575 2679 2638 contra
2723 2569 3000 2636 Turchos
3043 2569 3110 2635 in

767 2674 1026 2740 armatis
1068 2676 1381 2757 galearum
1427 2678 1801 2741 nostrarum.
1876 2674 1964 2740 Et
2006 2676 2269 2741 ulterius
2315 2675 2464 2758 quia
2507 2677 2687 2740 erant
2722 2673 2788 2738 in
2820 2671 3108 2737 manibus

766 2776 1113 2844 titanorum
1184 2776 1633 2842 attentantium
1706 2781 1925 2842 contra
1991 2781 2226 2843 statum
2289 2783 2589 2843 nostrum.
2625 2828 2638 2842 .
2667 2826 2682 2841 .
2711 2826 2726 2841 .
2811 2776 3108 2841 Preterea

764 2884 1073 2947 assertum
1118 2885 1215 2945 est
1260 2878 1437 2946 nobis
1481 2879 1647 2961 quod
1688 2879 1976 2945 dominus
2019 2880 2152 2945 Rex
2195 2879 2518 2965 Hungarie
2573 2879 2929 2962 procuravit
2970 2895 3109 2960 pre-

766 2983 999 3049 dictam
1044 3001 1278 3065 pacem,
1324 3001 1467 3066 ymo
1512 2983 1860 3049 introduxit
1902 2983 2133 3067 Regem
2168 2984 2442 3066 Polonie,
2485 2988 2560 3050 ut
2587 2986 2753 3049 esset
2781 2982 3104 3048 mediator.

767 3085 854 3151 Et
898 3086 1065 3167 quod
1101 3086 1237 3153 Rex
1279 3086 1597 3169 predictus
1640 3085 1961 3169 Hungarie
2019 3092 2418 3154 contentatur
2469 3086 2698 3154 habere
2738 3102 2954 3169 pacem
2998 3102 3108 3150 no-

767 3185 1025 3269 biscum,
1085 3187 1249 3254 sicut
1306 3189 1701 3272 voluerimuS,
1758 3190 2064 3269 videlicet,
2115 3196 2228 3258 aut
2276 3211 2387 3275 per
2429 3189 2813 3258 amicabilem
2859 3206 3108 3254 concor-

764 3291 951 3373 diam,
994 3296 1109 3356 aut
1144 3309 1258 3374 per
1298 3292 1463 3359 viam
1506 3292 1656 3374 litis,
1713 3298 1779 3360 et
1829 3294 1997 3376 quod
2043 3293 2384 3377 quemlibet
2440 3294 2704 3360 istorum
2761 3292 3106 3372 modorum,

762 3394 897 3476 ipse
932 3393 1198 3459 dimittit
1248 3398 1325 3478 et,
1369 3394 1706 3461 committit
1765 3396 1831 3461 in
1877 3400 2130 3479 pectore
2171 3397 2360 3480 Regis
2401 3395 2674 3476 Polonie,
2723 3394 3105 3477 acceptando

766 3495 1088 3578 quodlibet
1130 3515 1313 3563 suum
1346 3498 1626 3581 judicum
1666 3516 1781 3581 pro
1821 3516 1914 3581 eo,
1959 3506 2024 3565 et
2069 3505 2286 3567 contra
2329 3519 2489 3579 eum,
2534 3504 2600 3565 et
2642 3498 2928 3564 dominus
2971 3497 3107 3563 Rex

766 3597 1023 3665 Polonie
1082 3597 1273 3665 etiam
1332 3618 1519 3684 super
1577 3601 1696 3667 hac
1751 3605 1952 3684 parte,
2012 3602 2180 3684 quod
2219 3601 2354 3668 Rex
2399 3600 2722 3685 Hungarie
2766 3598 2972 3665 omnia
3014 3600 3108 3666 di-

770 3701 971 3768 mittit
1014 3702 1311 3768 decisioni
1354 3721 1483 3784 sue,
1529 3701 1708 3769 nobis
1751 3704 2020 3786 scripsit,
2069 3707 2135 3769 et
2176 3704 2500 3770 confirmat
2545 3722 2658 3786 per
2701 3702 2834 3769 eius
2870 3702 3104 3767 literas.

766 3804 854 3869 Et
892 3808 1225 3887 propterea
1270 3806 1323 3871 si
1365 3805 1834 3889 requireremini
1878 3824 1919 3871 a
1961 3806 2213 3872 domino
2255 3807 2423 3890 Rege
2464 3805 2737 3887 Polonie,
2779 3806 2879 3871 vel
2926 3808 3108 3887 parte

768 3926 903 3988 sua,
948 3910 1021 3973 ut
1067 3906 1249 3975 fieret
1290 3909 1797 3991 compromissum
1839 3909 1908 3974 in
1947 3927 2276 3992 personam
2307 3927 2501 3989 suam,
2550 3913 2618 3975 et
2651 3908 2819 3991 quod
2851 3908 3110 3973 daretur

770 4008 891 4077 sibi
932 4008 1193 4078 libertas
1238 4012 1441 4094 plena,
1502 4011 1764 4099 dicimus
1806 4010 1999 4095 vobis,
2057 4012 2224 4095 quod
2283 4010 2401 4079 hoc
2451 4030 2576 4079 non
2619 4014 2717 4079 est
2757 4008 3108 4076 faciendum

768 4113 899 4179 ullo
940 4115 1144 4197 modo,
1190 4118 1321 4180 tam
1364 4113 1559 4180 libere
1602 4120 1667 4181 et
1708 4113 2009 4195 absolute,
2055 4115 2163 4181 sed
2205 4115 2451 4197 dicatiS,
2495 4116 2661 4198 quod
2701 4114 2769 4179 in
2811 4112 2929 4180 hoc
2968 4112 3108 4178 nul-

765 4216 893 4281 lam
936 4216 1181 4284 habetis
1221 4216 1594 4283 libertatem.
1667 4217 1754 4282 Et
1796 4218 1851 4283 si
1892 4218 2256 4300 requireret,
2298 4222 2371 4284 ut
2397 4218 2756 4285 mitteretur
2785 4220 3107 4298 acceptum

766 4318 1043 4402 libertaS,
1102 4319 1326 4386 dicatis
1390 4319 1556 4402 quod
1618 4318 1737 4386 hoc
1789 4326 1956 4388 esset
2011 4321 2283 4387 maxima
2330 4320 2625 4405 temporis
2668 4318 2906 4400 dilatio,
2962 4335 3103 4383 cum

770 4422 995 4495 damno
1050 4426 1115 4489 et
1176 4422 1431 4489 sinistro
1490 4421 1779 4512 partium.
1869 4422 1958 4489 Et
2015 4426 2347 4511 propterea
2403 4428 2704 4508 tanquam
2765 4418 3108 4488 amicabilis
