3793 5187
1865 473 1955 537 40

1810 746 2031 822 XVI.

1506 885 1851 958 ΜῦῦῦῦΧΙΙ.
1895 885 1993 954 die
2034 887 2145 954 XV.
2189 887 2344 954 maii.

1159 987 1380 1071 Capta.

955 1090 1113 1157 Cum
1155 1109 1268 1173 per
1309 1109 1385 1156 ca
1426 1109 1547 1174 que
1589 1091 1890 1157 sentimus
1934 1092 2013 1157 de
2056 1091 2247 1173 curia,
2314 1109 2354 1156 a
2393 1089 2628 1157 nostris
2679 1088 3085 1155 ambassiato-

750 1192 942 1276 ribus,
989 1193 1277 1260 (lominus
1319 1193 1492 1276 Papa
1536 1210 1676 1260 cum
1713 1195 1984 1260 maxima
2026 1195 2331 1260 instantia.
2372 1193 2622 1275 scripsit
2664 1197 2731 1259 et
2771 1197 3084 1275 procurat,

752 1315 890 1362 cum
935 1298 1186 1364 domino
1227 1296 1398 1379 Rege
1433 1297 1704 1378 Polonie,
1752 1303 1825 1363 ut
1866 1316 1936 1365 se
1976 1299 2335 1381 interponat
2376 1297 2459 1363 ad
2499 1314 2715 1379 pacem
2758 1296 2924 1361 inter
2964 1296 3086 1362 Re-

746 1417 886 1481 gem
945 1398 1282 1481 Hungarie‚
1344 1403 1410 1464 et
1469 1403 1753 1465 nostrum
1811 1401 2170 1482 dominium,
2234 1404 2298 1466 et
2357 1400 2644 1466 similiter
2688 1417 2827 1465 cum
2871 1399 3086 1465 multis

747 1501 1221 1582 hortaminibuS,
1285 1507 1580 1584 procurat
1637 1508 1703 1568 et
1758 1502 1975 1584 instat,
2040 1509 2113 1568 ut
2176 1503 2309 1568 Rex
2372 1502 2694 1584 Hungarie
2737 1501 2891 1568 velit
2944 1519 3056 1567 con
3072 1537 3087 1549 ·

747 1605 1121 1672 descendere
1163 1607 1244 1671 ad
1285 1624 1520 1688 pacem,
1582 1624 1696 1687 pro
1757 1605 1919 1672 bono
1964 1610 2136 1672 statu
2179 1606 2435 1673 ecclesie
2476 1605 2612 1686 Dei,
2670 1605 2757 1672 Et
2799 1603 2936 1687 ipse
2978 1605 3087 1669 do-

745 1707 951 1773 minus
1008 1708 1181 1790 Papa
1238 1708 1322 1774 sit
1379 1708 1647 1773 multum
1704 1713 2049 1789 contentuS,
2123 1711 2289 1792 quod
2351 1709 2587 1775 factum
2652 1708 2851 1791 ipsius
2911 1706 3085 1790 pacis

749 1815 1060 1876 tractetur
1101 1810 1167 1875 in
1209 1810 1496 1894 partibus
1539 1810 1878 1894 Hungarie,
1924 1817 1991 1878 et
2026 1811 2342 1877 videamus
2386 1813 2553 1895 quod
2590 1812 2813 1878 amodo
2853 1815 3085 1878 tracta-

753 1917 858 1979 tus
899 1897 1095 1996 ipsius
1151 1915 1324 1997 pacis
1382 1920 1480 1981 est
1538 1914 1787 1980 futurus
1829 1915 1896 1980 in
1941 1914 2285 1998 Hungarie,
2346 1919 2410 1980 et
2466 1933 2590 1982 non
2631 1915 2697 1980 in
2740 1914 2931 1994 curia,
2995 1913 3088 1979 ita

751 2017 918 2098 quod
955 2019 1155 2084 nostri
1198 2017 1657 2084 ambaxiatores
1701 2017 1958 2083 veniunt
1984 2023 2154 2083 stare
2187 2036 2327 2084 cum
2354 2036 2625 2101 expensa
2652 2018 2925 2082 maxima
2953 2017 3087 2082 sine

747 2118 988 2200 fructu;
1040 2120 1234 2186 Vadit
1277 2138 1444 2203 parS,
1504 2121 1667 2202 quod
1711 2119 2040 2201 scribatur,
2100 2124 2166 2185 et
2211 2121 2543 2187 mandetur
2584 2120 2817 2187 nostris
2872 2118 3084 2186 amba-

752 2221 1116 2302 xiatoribus,
1178 2227 1486 2304 quatenus
1548 2227 1802 2305 accepta
1863 2223 2184 2306 condigna,
2250 2226 2316 2288 et
2357 2224 2666 2289 reverenti
2708 2223 2977 2304 licentia,
3024 2227 3088 2288 et

754 2327 1038 2390 comeatu
1080 2343 1120 2389 a
1159 2323 1411 2391 Summo
1454 2323 1771 2405 Pontifice,
1819 2330 1884 2391 et
1912 2345 1951 2390 a
1978 2325 2247 2392 dominis
2278 2325 2730 2407 Cardinalibus,
2778 2344 2919 2391 cum
2961 2324 3087 2390 illis

749 2425 952 2492 verbis
1010 2445 1132 2509 que
1193 2426 1329 2510 sibi}
1374 2428 1802 2494 convenientia
1849 2428 2240 2509 videbuntur,
2308 2429 2706 2512 regratiando
2764 2427 3087 2494 sanctitati

753 2548 883 2611 sue,
939 2531 1018 2597 de
1075 2529 1312 2612 optima
1353 2529 1776 2613 dispositione,
1842 2536 1907 2597 et
1950 2532 2295 2598 intentione
2338 2551 2469 2614 sua,
2522 2550 2642 2616 que
2685 2536 2759 2598 ut
2802 2531 3087 2616 cognovi-

751 2652 909 2713 mus,
955 2637 1020 2698 et
1063 2634 1486 2715 cognoscimus
1516 2636 1832 2701 evidenter
1861 2641 2045 2715 esset,
2091 2654 2206 2702 nos
2235 2637 2515 2719 posuisse
2542 2637 2609 2702 in
2641 2654 2795 2719 pace
2822 2639 2888 2701 et
2916 2640 3087 2700 tran-

749 2736 1065 2820 quillitate
1108 2741 1174 2803 et
1217 2755 1431 2803 sumus
1496 2738 1826 2804 certissimi
1883 2738 2050 2821 quod
2106 2757 2232 2804 non
2277 2738 2502 2807 defecit
2544 2758 2658 2822 pro
2701 2738 3089 2806 beatitudine

748 2858 882 2920 sua,
936 2840 1047 2905 sed
1107 2838 1392 2921 videndo,
1447 2842 1613 2923 quod
1655 2841 2113 2907 ambaxiatores
2154 2842 2342 2925 Regis
2386 2860 2511 2908 non
2548 2842 2782 2909 habent
2823 2841 3087 2908 sindica-

755 2948 890 3009 tum
932 2960 1121 3025 super
1162 2941 1449 3008 omnibus
1491 2942 1875 3025 differentiiS,
1924 2949 1989 3010 et
2032 2946 2199 3027 quod
2242 2944 2360 3012 hoc
2400 2944 2636 3012 factum
2672 2943 3089 3027 praticabitur

747 3047 914 3129 apud
959 3046 1277 3112 dominum
1318 3046 1549 3129 Regem
1603 3046 1925 3129 Hungarie
1986 3048 2094 3129 qui
2152 3046 2347 3114 libere
2392 3066 2460 3115 se
2498 3047 2738 3115 dimisit
2780 3047 2847 3113 in
2886 3046 3087 3112 domi-

749 3168 900 3218 num
940 3148 1172 3231 Regem
1215 3147 1488 3230 Polonie,
1533 3148 1764 3215 fuimus
1807 3150 2086 3216 contenti
2116 3151 2604 3218 condescendere
2632 3150 2713 3215 ad
2746 3153 3088 3216 tractatum

749 3251 1104 3318 ducendum
1146 3251 1212 3316 in
1255 3250 1540 3333 partibus
1594 3251 1916 3335 Hungarie
1966 3254 2425 3337 suprascriptis.
2496 3253 2584 3318 Et
2619 3253 2737 3319 hoc
2777 3251 2943 3318 facto
2989 3270 3088 3317 re-

745 3359 1079 3421 vertantur
1103 3354 1403 3421 Venetias
1445 3356 1526 3421 ad
1569 3360 1850 3422 nostram
1893 3358 2272 3439 presentiam
2312 3357 2391 3424 de
2420 3354 2703 3423 omnibus
2731 3354 3090 3438 plenissime

745 3457 1084 3525 informati.

1094 3560 1191 3627 De
1229 3564 1412 3647 parte
1456 3564 1556 3627 58.

950 3692 1065 3765 Ser
1111 3696 1378 3764 Sanctus
1421 3698 1690 3765 Venerio
1745 3698 2006 3781 Sapiens
2060 3717 2284 3781 guerre
2340 3698 2477 3764 vult
2519 3699 2686 3782 quod
2734 3697 3087 3766 inducietur

751 3820 949 3886 usque
992 3821 1117 3885 quo
1160 3801 1623 3868 ambaxiatores
1664 3802 1864 3868 nostri
1904 3801 2225 3885 Hungarie
2268 3800 2557 3868 scribent.

1091 3905 1187 3970 De
1230 3908 1412 3987 parte
1511 3908 1613 3972 22.

1094 4007 1189 4074 De
1231 4025 1357 4073 non
1551 4012 1612 4073 0.
2428 4056 2444 4105 l

1093 4108 1238 4176 Non
1282 4110 1509 4176 sinceri
1553 4114 1611 4175 2.

1146 4228 1415 4299 (Archivio
1451 4228 1510 4284 di
1543 4228 1701 4285 Scato
1740 4228 1795 4282 in
1839 4226 2077 4295 Venezia,

805 4314 1256 4370 Deliberazioni
1293 4314 1513 4370 Senato
1551 4313 1809 4383 Secreto,
1844 4310 1995 4383 Reg.
2031 4312 2080 4380 5,
2118 4316 2280 4369 carte
2315 4312 2424 4384 23.)
