3793 5187
1835 598 1959 664 183

713 803 1014 886 exitialia,
1081 809 1148 871 et
1204 823 1332 872 non
1391 805 1596 872 minus
1655 804 1820 872 forte
1881 804 2257 872 intestinum
2320 801 2647 870 dissidium
2690 806 2757 868 et
2800 801 3061 884 bellum,

713 907 882 990 quod
924 911 1133 974 ortum
1179 907 1306 974 iam
1347 907 1616 974 vidimus
1657 907 1826 974 inter
1869 907 2321 990 Imperatorem
2388 908 2454 971 et
2511 909 2643 972 tres
2686 905 2829 972 illos
2883 923 3065 990 reges

715 1011 1107 1092 christiano&
1170 1029 1364 1093 quam
1407 1015 1734 1076 externam
1787 1009 1979 1076 Turci
2043 1009 2435 1078 invasionem
2491 1015 2557 1076 et
2599 1010 3065 1092 oppressionem

655 1143 658 1145 “
715 1115 1036 1180 timuimus
1109 1119 1260 1182 ante
1323 1114 1442 1180 hac
1501 1114 1854 1196 periculum
1920 1113 2185 1196 duplicis
2245 1112 2433 1178 huius
2492 1112 2887 1179 calamitatis.
2976 1113 3067 1179 Et

713 1220 1048 1300 propterea
1089 1216 1355 1283 studiosi
1399 1234 1648 1285 eramus
1692 1217 1760 1283 in
1805 1217 2131 1282 suadenda
2202 1215 2655 1298 pacificatione,
2729 1219 2795 1283 et
2847 1215 2914 1282 in
2954 1234 3067 1299 po-

715 1319 1005 1386 stulanda
1045 1337 1086 1384 a
1126 1319 1302 1386 vobis
1344 1320 1612 1386 veritate
1653 1337 1864 1386 rerum
1891 1318 2413 1386 succedentium:
2468 1323 2536 1386 et
2578 1337 2704 1385 non
2749 1319 2953 1388 minus
2996 1319 3068 1386 in

720 1423 895 1489 curia
943 1423 1186 1506 operati
1230 1439 1444 1488 sumus
1505 1440 1619 1504 pro
1684 1422 2115 1504 suprascripta
2165 1421 2483 1504 querenda
2525 1421 2956 1503 pacificatione
3001 1428 3069 1490 et

716 1544 832 1610 pro
895 1525 1304 1592 substinenda
1364 1545 1442 1592 ex
1497 1525 1670 1592 omni
1709 1529 1894 1607 parte
1938 1542 2009 1590 re
2053 1523 2416 1590 christiana.
2504 1525 2792 1608 Receptis
2852 1529 3067 1593 autem

715 1629 1048 1712 postremis
1090 1629 1290 1694 literis
1331 1627 1578 1708 vesti-ia,
1634 1646 1757 1710 que
1799 1645 1917 1694 nos
1962 1629 2239 1694 maxima
2282 1626 2755 1710 perturbatione
2796 1646 3067 1694 commoa

715 1735 960 1812 verunt,
1007 1731 1302 1814 evestigio
1343 1731 1412 1796 in
1454 1731 1692 1798 curiam
1737 1730 2101 1812 scripsimus
2144 1733 2211 1796 et
2256 1729 2539 1813 exempla
2595 1730 2920 1799 literarum
2964 1749 3068 1798 ve-

718 1839 992 1902 strarum
1031 1833 1316 1900 misimus
1357 1833 1744 1902 ostendenda
1785 1831 2043 1900 Summo
2089 1831 2378 1915 pontifici
2418 1851 2535 1916 pro
2580 1832 2972 1900 incendenda
3001 1841 3069 1902 et

716 1935 1159 2005 inflammanda
1199 1936 1586 2003 beatitudine
1621 1955 1737 2002 sua
1777 1935 1862 2002 ad
1894 1937 2410 2019 procurationem
2440 1935 2898 2019 pacificationis
2926 1937 3069 2004 illa-

717 2058 862 2106 rum
903 2040 1371 2120 discordiarum,
1430 2044 1497 2108 et
1555 2040 1638 2106 ad
1681 2040 2077 2107 exactionem
2124 2039 2731 2124 cumulationemque
2776 2042 3069 2124 pecunia-

717 2161 858 2208 rum
901 2142 1402 2224 constitutarum,
1465 2149 1539 2210 ut
1597 2142 1879 2225 presenti
1938 2160 2149 2209 rerum
2187 2143 2553 2210 necessitati
2598 2145 2885 2210 celeriter
2926 2163 3069 2212 suc·-

719 2251 1026 2314 curratur.
1111 2247 1565 2329 Faciemusque
1605 2245 2032 2312 indesinenter
2099 2262 2349 2311 omnem
2392 2246 2759 2314 instantiam
2801 2252 2867 2313 et
2911 2248 3070 2314 nihil

719 2349 1096 2430 omittemuS,
1147 2351 1314 2432 quod
1344 2348 1641 2433 possibile
1673 2349 1758 2414 sit
1790 2366 1917 2415 non
1946 2365 2127 2416 secus
2156 2352 2347 2430 atque
2390 2350 2445 2416 si
2486 2350 2565 2415 de
2606 2351 2865 2433 proprio
2895 2356 3071 2418 statu

719 2462 938 2520 nostro
991 2458 1299 2536 ageretur.
1397 2453 1623 2518 Estote
1677 2451 1886 2518 subito
1946 2470 2087 2518 cum
2143 2451 2322 2533 regia
2378 2451 2733 2533 Maiestate,
2785 2457 2852 2519 et
2904 2453 3071 2520 hanc

719 2561 1000 2624 nostram
1065 2555 1380 2623 declarate
1451 2555 1885 2640 operationem
1958 2553 2299 2623 hortemini
2372 2559 2440 2622 et
2508 2556 2769 2623 suadete
2830 2556 3071 2639 regiam

723 2659 1184 2727 Sublimitatem
1227 2657 1418 2727 Suam
1463 2658 1548 2725 ad
1589 2659 2020 2742 componenda
2066 2659 2320 2740 negotia
2361 2659 2647 2740 predicta
2684 2658 2963 2725 boemica
3004 2664 3071 2725 et

720 2763 1022 2849 polonica,
1079 2767 1146 2831 et
1194 2763 1277 2829 ad
1312 2761 1758 2828 attendendum
1815 2766 2022 2828 erecto
2066 2760 2217 2827 forti
2263 2765 2329 2827 et
2373 2760 2687 2843 intrepido
2732 2760 2940 2827 animo
2988 2760 3071 2827 ad

720 2866 1286 2951 propugnationem
1326 2864 1484 2947 regii
1525 2867 1732 2931 status
1774 2863 1894 2945 sui,
1960 2864 2260 2946 quoniam
2306 2863 2427 2929 sibi
2469 2881 2593 2930 non
2641 2864 2844 2929 deerit
2882 2861 3067 2929 Sum-

721 2988 862 3037 mus
889 2966 1187 3053 pontifex,
1231 2986 1358 3035 non
1394 2968 1706 3035 deerimus
1754 2983 1870 3033 nos
1913 2984 2115 3049 neque
2161 2966 2271 3032 alii
2315 2966 2648 3033 christiani
2689 2970 3071 3049 potentatus.

721 3072 811 3138 Et
843 3072 922 3139 de
964 3071 1136 3139 omni
1177 3088 1489 3152 successu,
1547 3088 1668 3153 que
1719 3068 2072 3152 intelligere
2116 3068 2399 3136 studiose
2444 3074 2775 3151 procurate
2816 3086 2931 3136 nos
2975 3068 3071 3135 fa-

723 3175 848 3243 cite
888 3172 1322 3256 frequentibus
1366 3177 1435 3239 et
1475 3172 1949 3240 celeratissimis
1995 3172 2199 3239 literis
2242 3171 2469 3239 vostris
2514 3172 2828 3239 certiores.

967 3276 1066 3343 De
1104 3280 1288 3360 parte
1411 3276 1558 3341 143.

969 3378 1070 3445 De
1110 3396 1237 3445 non
1489 3381 1550 3445 0.

969 3481 1116 3548 Non
1155 3481 1382 3549 sinceri
1499 3486 1554 3547 1.

1041 3598 1306 3673 (Ambivio
1340 3598 1400 3655 da·
1431 3598 1588 3655 Stato
1617 3600 1672 3654 in
1721 3598 1981 3669 νοηθείη).

793 3684 1224 3743 Deliberazioni
1259 3683 1479 3742 Senato
1519 3682 1754 3754 Socrati,
1786 3701 1903 3756 reg.
1945 3684 2013 3741 27
2048 3700 2096 3741 c.
2136 3685 2257 3741 127.

1719 3958 2101 4037 LXXIX.

1071 4116 1532 4191 neccomm-
1575 4117 1674 4186 dio
1715 4116 1852 4189 ΧΧΙ.
1898 4116 2155 4192 ianuarii
2198 4120 2395 4194 (moro
2438 4115 2700 4194 veneto).

1453 4286 1708 4357 Oratori
1749 4293 1969 4357 nostro
2012 4288 2082 4355 in
2128 4285 2339 4354 Curia.

935 4408 1306 4494 Complures
1346 4410 1566 4477 litai-as
1593 4414 1838 4477 vestras
1872 4408 2245 4493 accepimus,
2288 4423 2555 4493 quarum
2582 4408 2897 4489 postreme
2926 4408 3079 4471 sunt

721 4517 853 4603 diei
893 4512 1032 4583 Xffl.
1075 4512 1372 4583 instantis
1413 4512 1496 4581 ad
1538 4530 1698 4597 quas
1745 4510 2159 4597 copiosiorem
2208 4509 2675 4597 responsionem
2717 4524 2845 4575 non
2881 4505 3072 4577 facie·
