3793 5187
1872 474 1953 536 23

952 675 1187 754 Quarto
1232 675 1518 758 petimuS,
1583 694 1707 741 non
1752 675 1901 759 quia
1945 681 2266 743 teneamur
2308 678 2436 743 ullo
2481 682 2662 748 modo
2704 685 2786 750 ad
2824 682 3080 749 solutio-

755 798 865 844 nes
907 780 1273 845 ducatorum
1318 779 1499 859 VII¹¹²‚
1552 798 1664 846 nec
1706 799 1819 860 pro
1854 780 2153 860 preterito
2195 800 2309 846 nec
2350 802 2463 864 pro
2507 784 2735 868 futuro,
2783 789 2890 853 sed
2935 786 3082 869 quia

750 883 909 947 fiunt
952 881 1132 948 nobis
1178 881 1611 965 requisitiones
1652 883 1957 948 dictarum
1991 883 2385 964 solutionum,
2435 889 2598 968 quod
2635 890 2715 955 ad
2752 889 3082 956 cautellam

748 991 814 1051 ct
850 1005 962 1069 pro
1006 984 1355 1051 cessatione
1397 985 1597 1050 omnis
1638 984 1900 1050 materie
1953 985 2224 1051 scandali
2270 991 2334 1052 et
2377 989 2604 1055 erroris
2646 995 2928 1056 nostrum
2972 993 3080 1056 do-

746 1089 1002 1153 minium
1048 1088 1413 1154 absolvatur
1454 1096 1519 1152 et
1559 1087 1858 1153 liberetur
1900 1093 1967 1152 et
2011 1089 2326 1169 quietetur
2368 1110 2407 1155 a
2449 1091 2697 1158 domino
2745 1093 2914 1176 Rege
2955 1093 3080 1158 Ro-

752 1210 1073 1257 manorum
1117 1195 1182 1256 et
1218 1190 1539 1272 Hungarie
1581 1209 1692 1273 per
1734 1209 1819 1270 se,
1876 1190 2153 1270 heredeS‚
2218 1209 2618 1275 successoreS‚
2678 1214 2968 1261 coronam
3015 1201 3081 1262 et

752 1295 1031 1376 Regnum
1077 1293 1397 1376 Hungarie
1442 1312 1581 1359 cum
1624 1293 2120 1359 solemnitatibus
2179 1296 2544 1377 opportunis
2585 1315 2625 1362 a
2667 1297 3077 1380 peticionibus

748 1415 869 1480 que
911 1396 1071 1461 fiunt
1115 1397 1195 1462 de
1237 1395 1647 1462 solutionibus
1676 1395 1840 1460 VIIm
1874 1397 2240 1461 ducatorum
2285 1404 2351 1462 et
2393 1416 2434 1462 a
2476 1399 2886 1466 solutionibus
2939 1419 3077 1482 pre-

744 1499 929 1566 dictis
974 1503 1103 1564 tam
1150 1518 1262 1582 pro
1307 1499 1607 1582 preterito
1644 1517 1831 1582 quam
1878 1518 1992 1580 pro
2031 1498 2259 1565 futuro.
2330 1500 2432 1565 Ita
2473 1502 2638 1584 quod
2680 1502 2851 1568 nullo
2893 1504 3076 1568 modo

752 1602 850 1668 vel
887 1601 1086 1668 forma
1128 1621 1168 1667 a
1210 1601 1389 1668 nobis
1432 1602 1669 1685 aliquid
1726 1620 1838 1684 per
1888 1601 2158 1684 aliquem
2220 1602 2352 1685 peti
2392 1603 2592 1685 possit
2633 1604 2710 1669 de
2754 1605 2937 1671 dictis
2980 1623 3076 1670 so-

754 1705 1098 1771 lutionibus
1143 1709 1273 1770 tam
1312 1723 1425 1787 pro
1462 1705 1761 1786 preterito
1801 1723 1989 1786 quam
2033 1724 2145 1787 pro
2186 1703 2416 1771 futuro.
2489 1706 2576 1771 Et
2612 1724 2798 1790 super
2839 1708 2956 1774 hoc
2982 1709 3076 1773 in-

746 1810 967 1875 sistere
1004 1809 1251 1892 penitus
1286 1808 1581 1888 debeatis,
1628 1808 1774 1891 quia
1798 1813 1872 1872 ut
1903 1807 2136 1873 dictum
2168 1815 2281 1889 est,
2327 1814 2538 1876 nostre
2566 1810 2927 1876 intentionis
2951 1829 3076 1876 non

744 1917 841 1978 est
881 1912 1158 1995 obligare
1199 1916 1483 1979 nostrum
1528 1912 1867 1978 dominium
1911 1913 1988 1976 ad
2032 1912 2370 1979 solutiones
2406 1913 2713 1979 dictorum
2742 1913 2924 1980 VIIm
2961 1915 3074 1979 du-

742 2021 1039 2081 catorum.

946 2119 1032 2185 Et
1095 2137 1208 2200 pro
1270 2119 1476 2184 dando
1531 2117 1902 2200 principium
1963 2117 2200 2198 pratice
2256 2122 2319 2182 et
2377 2118 2456 2182 ad
2512 2117 2858 2184 faciendum
2901 2118 3074 2184 incli-

740 2241 889 2286 nare
932 2225 1173 2303 partem
1234 2220 1557 2286 adversam
1615 2221 1695 2284 ad
1752 2219 2358 2285 condescendendum
2419 2220 2558 2303 paci
2615 2220 2680 2285 in
2730 2219 2928 2286 forma
2970 2239 3074 2286 su-

744 2324 1111 2407 prascripta,
1182 2344 1257 2392 ac
1320 2325 1507 2390 etiam
1569 2330 1642 2390 ut
1695 2324 1948 2406 possitis
2013 2325 2526 2406 comprehendere
2589 2326 2667 2390 de
2729 2325 3074 2391 intentione

740 2427 939 2508 partis
970 2427 1245 2508 adverse,
1290 2427 1567 2493 debeatis
1611 2427 1675 2492 in
1718 2427 1841 2491 ista
1878 2427 2122 2510 pratica
2164 2427 2433 2509 incipere
2477 2428 2556 2492 ad
2585 2427 3072 2511 promittendum

742 2529 1017 2612 aliquam
1062 2530 1477 2612 quantitatem
1538 2530 1794 2613 pecunie
1850 2549 1974 2597 non
2039 2531 2432 2614 exprimendo
2477 2530 2604 2597 ullo
2645 2530 2829 2597 modo
2873 2535 3070 2597 totam

740 2632 1181 2713 quantitatem,
1226 2634 1346 2699 nisi
1390 2638 1665 2717 tempore
1708 2634 1958 2699 omnino
2001 2635 2349 2700 necessario
2395 2639 2460 2700 et
2506 2633 2732 2699 debito.
2801 2633 2889 2698 Et
2928 2652 3070 2715 pro-

743 2738 957 2815 pterea
999 2736 1217 2801 damus
1264 2735 1440 2801 vobis
1503 2734 1855 2801 libertatem
1916 2737 2080 2817 quod
2124 2737 2178 2802 si
2219 2723 2506 2802 videbitis
2566 2754 2748 2817 posse
2792 2734 3070 2801 obtinere

738 2837 947 2903 omnia
987 2837 1412 2919 suprascripta
1449 2839 1631 2904 simul
1669 2843 1858 2920 prout
1900 2838 2105 2904 iacent
2161 2838 2225 2902 in
2286 2839 2723 2920 suprascriptis
2775 2837 3065 2920 capitulis

739 2943 810 3003 ut
850 2958 975 3005 non
1014 2940 1315 3023 perdatur
1344 2945 1605 3023 tempuS‚
1648 2941 1901 3023 possitis
1938 2941 2302 3024 promittere
2331 2942 2410 3005 ad
2447 2946 2688 3023 partem
2717 2941 2798 3006 ad
2827 2946 3068 3022 partem

740 3060 937 3124 usque
978 3043 1058 3108 ad
1094 3042 1509 3125 quantitatem
1540 3045 1906 3109 ducatorum
1953 3042 2152 3109 CCC¹¹²
2192 3044 2258 3108 in
2300 3048 2520 3123 totum,
2557 3062 2669 3127 per
2696 3042 2838 3109 illos
2883 3060 3066 3123 quam

738 3142 1049 3227 longiores
1094 3146 1390 3213 terminos
1431 3148 1719 3229 poteritis
1762 3146 2058 3226 obtinere,
2117 3146 2400 3212 habendo
2443 3151 2790 3229 respectum
2833 3145 2913 3211 ad
2954 3163 3065 3211 no-

740 3249 937 3311 stram
968 3247 1356 3315 habilitatem
1387 3249 1683 3331 solvendi,
1715 3249 2102 3315 considerata
2129 3249 2400 3314 maxima
2427 3249 2780 3330 quantitate
2809 3247 3068 3329 pecunie

736 3348 1028 3429 predicte.
1104 3350 1193 3417 Et
1234 3356 1307 3417 ut
1348 3351 1461 3417 hec
1503 3370 1624 3433 pax
1666 3351 2070 3417 concludatur
2112 3368 2223 3433 per
2265 3350 2514 3415 modum
2557 3350 3063 3431 suprascriptum,

734 3449 1012 3518 debeatis
1068 3457 1141 3517 ut
1197 3453 1377 3535 plene
1434 3452 1795 3519 confidimus
1850 3452 2055 3518 facere
2110 3452 2444 3519 instantias
2489 3455 2553 3517 et
2596 3452 3062 3534 procurationes

734 3558 1197 3721 opportsuinzz'o
1248 3656 1315 3721 in
1367 3656 1485 3722 hac
1540 3656 1786 3737 pratica
1841 3654 2130 3721 videbitis
2187 3661 2251 3722 et
2309 3654 2840 3738 comprehendetis
2901 3655 3065 3737 quod

734 3774 847 3839 pro
892 3757 1102 3840 aliqua
1144 3756 1492 3824 differentia
1532 3759 1631 3825 vel
1673 3777 1861 3825 causa
1903 3763 2264 3825 occurrente
2307 3778 2428 3841 pax
2471 3759 2646 3841 sequi
2689 3777 2813 3824 non
2856 3764 3068 3841 posset

732 3859 829 3925 vel
872 3861 1037 3942 quod
1083 3865 1387 3928 tractatus
1440 3862 1611 3944 pacis
1670 3861 1754 3926 sit
1803 3860 2052 3927 futurus
2110 3861 2294 3927 nimis
2337 3862 2576 3943 longus,
2628 3861 2846 3926 damus
2889 3860 3067 3926 vobis

738 3962 1090 4029 libertatem
1120 3963 1483 4029 attendendi
1510 3964 1590 4029 ad
1621 3969 1915 4046 treuguas
1958 3964 2022 4028 in
2065 3962 2231 4028 hunc
2269 3962 2521 4028 modum
2551 3964 2714 4044 quod
2743 3963 2868 4028 ista
2896 3967 3064 4027 treu-

734 4082 858 4146 gua
898 4064 1011 4131 fiat
1052 4066 1132 4131 ad
1176 4070 1477 4147 quantum
1529 4064 1775 4147 longius
1840 4072 2086 4147 tempus
2143 4064 2276 4129 fieri
2335 4066 2566 4147 poterit
2606 4066 2770 4148 quod
2814 4084 2940 4130 non
2983 4065 3067 4129 sit

732 4167 937 4233 minus
1000 4186 1187 4251 quam
1250 4186 1551 4235 annorum
1609 4168 1883 4250 quinque
1931 4176 1995 4233 et
2037 4174 2278 4233 cessent
2319 4166 2566 4234 offense.
2655 4166 2741 4232 Et
2781 4167 2945 4249 quod
2987 4168 3066 4232 de

731 4268 1017 4335 omnibus
1059 4270 1433 4336 differentiis
1482 4275 1692 4353 partes
1735 4276 2098 4336 remaneant
2140 4271 2205 4335 in
2251 4276 2512 4353 treugua
2566 4288 2683 4337 nec
2723 4288 2837 4351 pro
2880 4269 3064 4334 dictis

732 4370 1096 4439 differentiis
1135 4391 1263 4440 una
1306 4390 1453 4458 pars
1496 4372 1679 4439 alteri
1721 4390 1835 4438 nec
1878 4373 2078 4439 altera
2119 4372 2303 4441 alteri
2347 4373 2582 4457 aliquid
2625 4372 2824 4455 possit
2849 4374 3063 4456 petere
