<?xml version="1.0" encoding="UTF-8"?>
<!DOCTYPE html PUBLIC "-//W3C//DTD XHTML 1.0 Transitional//EN"
    "http://www.w3.org/TR/xhtml1/DTD/xhtml1-transitional.dtd">
<html xmlns="http://www.w3.org/1999/xhtml" xml:lang="en" lang="en">
 <head>
  <title>
</title>
<meta http-equiv="Content-Type" content="text/html;charset=utf-8" />
  <meta name='ocr-system' content='tesseract 3.04.00' />
  <meta name='ocr-capabilities' content='ocr_page ocr_carea ocr_par ocr_line ocrx_word'/>
</head>
<body>
  <div class='ocr_page' id='page_1' title='image "./fontesrerumpolo00unkngoog_0102.png"; bbox 0 0 3793 5187; ppageno 0'>
   <div class='ocr_carea' id='block_1_1' title="bbox 1782 504 1865 573">
    <p class='ocr_par' dir='ltr' id='par_1_1' title="bbox 1782 504 1865 573">
     <span class='ocr_line' id='line_1_1' title="bbox 1782 504 1865 573; baseline 0.012 -1"><span class='ocrx_word' id='word_1_1' title='bbox 1782 504 1865 573; x_wconf 82' lang='lat'>95</span> 
     </span>
    </p>
   </div>
   <div class='ocr_carea' id='block_1_2' title="bbox 1614 595 2023 606">
    <p class='ocr_par' dir='ltr' id='par_1_2' title="bbox 1614 595 2023 606">
     <span class='ocr_line' id='line_1_2' title="bbox 1614 595 2023 606; baseline 0 0"><span class='ocrx_word' id='word_1_2' title='bbox 1614 595 2023 606; x_wconf 95' lang='lat' dir='ltr'> </span> 
     </span>
    </p>
   </div>
   <div class='ocr_carea' id='block_1_3' title="bbox 632 710 2978 4483">
    <p class='ocr_par' dir='ltr' id='par_1_3' title="bbox 632 710 2978 4483">
     <span class='ocr_line' id='line_1_3' title="bbox 652 710 2977 795; baseline 0 -20"><span class='ocrx_word' id='word_1_3' title='bbox 652 711 821 777; x_wconf 83' lang='lat' dir='ltr'>mani</span> <span class='ocrx_word' id='word_1_4' title='bbox 866 710 1183 776; x_wconf 69' lang='lat' dir='ltr'>Pontizicis</span> <span class='ocrx_word' id='word_1_5' title='bbox 1228 730 1491 795; x_wconf 80' lang='lat' dir='ltr'>quarum</span> <span class='ocrx_word' id='word_1_6' title='bbox 1535 712 1845 793; x_wconf 79' lang='lat' dir='ltr'>expeditio</span> <span class='ocrx_word' id='word_1_7' title='bbox 1901 712 2022 775; x_wconf 85' lang='lat' dir='ltr'>iam</span> <span class='ocrx_word' id='word_1_8' title='bbox 2084 712 2160 775; x_wconf 77' lang='lat' dir='ltr'>ad</span> <span class='ocrx_word' id='word_1_9' title='bbox 2219 710 2374 777; x_wconf 80' lang='lat' dir='ltr'>tales</span> <span class='ocrx_word' id='word_1_10' title='bbox 2431 710 2730 777; x_wconf 84' lang='lat' dir='ltr'>terminos</span> <span class='ocrx_word' id='word_1_11' title='bbox 2787 710 2977 776; x_wconf 88' lang='lat' dir='ltr'>dedu-</span> 
     </span>
     <span class='ocr_line' id='line_1_4' title="bbox 652 812 2978 895; baseline 0 -17"><span class='ocrx_word' id='word_1_12' title='bbox 652 819 755 878; x_wconf 82' lang='lat' dir='ltr'>cta</span> <span class='ocrx_word' id='word_1_13' title='bbox 796 819 911 893; x_wconf 59' lang='lat' dir='ltr'>est,</span> <span class='ocrx_word' id='word_1_14' title='bbox 974 818 1045 879; x_wconf 93' lang='lat' dir='ltr'>ut</span> <span class='ocrx_word' id='word_1_15' title='bbox 1104 814 1266 881; x_wconf 82' lang='lat' dir='ltr'>infra</span> <span class='ocrx_word' id='word_1_16' title='bbox 1326 812 1543 879; x_wconf 82' lang='lat' dir='ltr'>breves</span> <span class='ocrx_word' id='word_1_17' title='bbox 1600 814 1751 895; x_wconf 88' lang='lat' dir='ltr'>dies,</span> <span class='ocrx_word' id='word_1_18' title='bbox 1814 814 1957 879; x_wconf 86' lang='lat' dir='ltr'>hinc</span> <span class='ocrx_word' id='word_1_19' title='bbox 2003 818 2242 879; x_wconf 82' lang='lat' dir='ltr'>armate</span> <span class='ocrx_word' id='word_1_20' title='bbox 2291 819 2358 880; x_wconf 90' lang='lat' dir='ltr'>et</span> <span class='ocrx_word' id='word_1_21' title='bbox 2417 814 2572 881; x_wconf 86' lang='lat' dir='ltr'>bene</span> <span class='ocrx_word' id='word_1_22' title='bbox 2630 814 2697 879; x_wconf 90' lang='lat' dir='ltr'>in</span> <span class='ocrx_word' id='word_1_23' title='bbox 2747 819 2978 895; x_wconf 86' lang='lat' dir='ltr'>puncto</span> 
     </span>
     <span class='ocr_line' id='line_1_5' title="bbox 656 915 2973 999; baseline 0 -19"><span class='ocrx_word' id='word_1_24' title='bbox 656 915 998 981; x_wconf 66' lang='lat' dir='ltr'>discessure</span> <span class='ocrx_word' id='word_1_25' title='bbox 1042 916 1186 997; x_wconf 82' lang='lat' dir='ltr'>sint,</span> <span class='ocrx_word' id='word_1_26' title='bbox 1232 916 1326 983; x_wconf 80' lang='lat' dir='ltr'>ita</span> <span class='ocrx_word' id='word_1_27' title='bbox 1369 922 1441 981; x_wconf 90' lang='lat' dir='ltr'>ut</span> <span class='ocrx_word' id='word_1_28' title='bbox 1484 920 1805 983; x_wconf 82' lang='lat' dir='ltr'>teneamus</span> <span class='ocrx_word' id='word_1_29' title='bbox 1850 916 2102 983; x_wconf 83' lang='lat' dir='ltr'>indubie</span> <span class='ocrx_word' id='word_1_30' title='bbox 2144 935 2250 983; x_wconf 74' lang='lat' dir='ltr'>eas</span> <span class='ocrx_word' id='word_1_31' title='bbox 2279 935 2390 999; x_wconf 87' lang='lat' dir='ltr'>per</span> <span class='ocrx_word' id='word_1_32' title='bbox 2417 916 2648 983; x_wconf 86' lang='lat' dir='ltr'>bonum</span> <span class='ocrx_word' id='word_1_33' title='bbox 2675 916 2973 999; x_wconf 75' lang='lat' dir='ltr'><strong>spacium,</strong></span> 
     </span>
     <span class='ocr_line' id='line_1_6' title="bbox 655 1016 2974 1100; baseline -0 -17"><span class='ocrx_word' id='word_1_34' title='bbox 655 1016 973 1099; x_wconf 85' lang='lat' dir='ltr'>prevenire</span> <span class='ocrx_word' id='word_1_35' title='bbox 994 1017 1219 1083; x_wconf 87' lang='lat' dir='ltr'>debere</span> <span class='ocrx_word' id='word_1_36' title='bbox 1249 1023 1605 1084; x_wconf 81' lang='lat' dir='ltr'>terrestrem</span> <span class='ocrx_word' id='word_1_37' title='bbox 1628 1019 2100 1085; x_wconf 84' lang='lat' dir='ltr'>christianorum</span> <span class='ocrx_word' id='word_1_38' title='bbox 2124 1018 2481 1100; x_wconf 84' lang='lat' dir='ltr'>exercitum,</span> <span class='ocrx_word' id='word_1_39' title='bbox 2505 1024 2568 1085; x_wconf 87' lang='lat' dir='ltr'>et</span> <span class='ocrx_word' id='word_1_40' title='bbox 2593 1019 2659 1084; x_wconf 88' lang='lat' dir='ltr'>in</span> <span class='ocrx_word' id='word_1_41' title='bbox 2684 1018 2974 1084; x_wconf 86' lang='lat' dir='ltr'>strictum</span> 
     </span>
     <span class='ocr_line' id='line_1_7' title="bbox 649 1120 2977 1205; baseline -0.001 -18"><span class='ocrx_word' id='word_1_42' title='bbox 649 1120 937 1204; x_wconf 86' lang='lat' dir='ltr'>galipolis</span> <span class='ocrx_word' id='word_1_43' title='bbox 984 1138 1053 1187; x_wconf 87' lang='lat' dir='ltr'>se</span> <span class='ocrx_word' id='word_1_44' title='bbox 1094 1123 1385 1204; x_wconf 82' lang='lat' dir='ltr'>recipere,</span> <span class='ocrx_word' id='word_1_45' title='bbox 1434 1122 1599 1189; x_wconf 83' lang='lat' dir='ltr'>ultra</span> <span class='ocrx_word' id='word_1_46' title='bbox 1644 1141 1801 1205; x_wconf 83' lang='lat' dir='ltr'>quas</span> <span class='ocrx_word' id='word_1_47' title='bbox 1830 1124 2076 1205; x_wconf 87' lang='lat' dir='ltr'>quidem</span> <span class='ocrx_word' id='word_1_48' title='bbox 2120 1122 2332 1205; x_wconf 85' lang='lat' dir='ltr'>galeas</span> <span class='ocrx_word' id='word_1_49' title='bbox 2375 1120 2580 1205; x_wconf 90' lang='lat' dir='ltr'>cupidi</span> <span class='ocrx_word' id='word_1_50' title='bbox 2623 1124 2697 1187; x_wconf 89' lang='lat' dir='ltr'>ut</span> <span class='ocrx_word' id='word_1_51' title='bbox 2739 1138 2814 1185; x_wconf 83' lang='lat' dir='ltr'>ea</span> <span class='ocrx_word' id='word_1_52' title='bbox 2855 1138 2977 1201; x_wconf 89' lang='lat' dir='ltr'>que</span> 
     </span>
     <span class='ocr_line' id='line_1_8' title="bbox 657 1222 2974 1309; baseline 0 -21"><span class='ocrx_word' id='word_1_53' title='bbox 657 1222 862 1289; x_wconf 85' lang='lat' dir='ltr'>fienda</span> <span class='ocrx_word' id='word_1_54' title='bbox 904 1227 1051 1289; x_wconf 78' lang='lat' dir='ltr'>sunt</span> <span class='ocrx_word' id='word_1_55' title='bbox 1092 1243 1205 1307; x_wconf 93' lang='lat' dir='ltr'>pro</span> <span class='ocrx_word' id='word_1_56' title='bbox 1248 1226 1457 1291; x_wconf 85' lang='lat' dir='ltr'>votiva</span> <span class='ocrx_word' id='word_1_57' title='bbox 1502 1227 1861 1291; x_wconf 83' lang='lat' dir='ltr'>executione</span> <span class='ocrx_word' id='word_1_58' title='bbox 1905 1226 2066 1291; x_wconf 80' lang='lat' dir='ltr'>tanti</span> <span class='ocrx_word' id='word_1_59' title='bbox 2109 1224 2254 1291; x_wconf 90' lang='lat' dir='ltr'>boni</span> <span class='ocrx_word' id='word_1_60' title='bbox 2295 1224 2614 1309; x_wconf 82' lang='lat' dir='ltr'>potentius</span> <span class='ocrx_word' id='word_1_61' title='bbox 2655 1222 2812 1291; x_wconf 78' lang='lat' dir='ltr'>fiant</span> <span class='ocrx_word' id='word_1_62' title='bbox 2850 1223 2974 1289; x_wconf 89' lang='lat' dir='ltr'>Ve-</span> 
     </span>
     <span class='ocr_line' id='line_1_9' title="bbox 653 1323 2976 1411; baseline -0 -20"><span class='ocrx_word' id='word_1_63' title='bbox 653 1330 783 1391; x_wconf 88' lang='lat' dir='ltr'>stre</span> <span class='ocrx_word' id='word_1_64' title='bbox 819 1323 1195 1393; x_wconf 78' lang='lat' dir='ltr'>Paternitati</span> <span class='ocrx_word' id='word_1_65' title='bbox 1232 1327 1763 1394; x_wconf 78' lang='lat' dir='ltr'>Reverendissime</span> <span class='ocrx_word' id='word_1_66' title='bbox 1804 1330 2192 1395; x_wconf 83' lang='lat' dir='ltr'>declaramus</span> <span class='ocrx_word' id='word_1_67' title='bbox 2235 1329 2401 1411; x_wconf 87' lang='lat' dir='ltr'>quod</span> <span class='ocrx_word' id='word_1_68' title='bbox 2427 1345 2568 1394; x_wconf 88' lang='lat' dir='ltr'>cum</span> <span class='ocrx_word' id='word_1_69' title='bbox 2595 1326 2674 1393; x_wconf 88' lang='lat' dir='ltr'>de</span> <span class='ocrx_word' id='word_1_70' title='bbox 2699 1324 2976 1409; x_wconf 83' lang='lat' dir='ltr'>presenti</span> 
     </span>
     <span class='ocr_line' id='line_1_10' title="bbox 648 1426 2974 1513; baseline 0 -20"><span class='ocrx_word' id='word_1_71' title='bbox 648 1426 986 1493; x_wconf 77' lang='lat' dir='ltr'>habeamus</span> <span class='ocrx_word' id='word_1_72' title='bbox 1024 1434 1299 1494; x_wconf 77' lang='lat' dir='ltr'>armatas</span> <span class='ocrx_word' id='word_1_73' title='bbox 1340 1428 1405 1494; x_wconf 91' lang='lat' dir='ltr'>in</span> <span class='ocrx_word' id='word_1_74' title='bbox 1448 1430 1607 1495; x_wconf 79' lang='lat' dir='ltr'>mari</span> <span class='ocrx_word' id='word_1_75' title='bbox 1658 1430 1986 1496; x_wconf 89' lang='lat' dir='ltr'>nonnullas</span> <span class='ocrx_word' id='word_1_76' title='bbox 2029 1430 2186 1495; x_wconf 84' lang='lat' dir='ltr'>alias</span> <span class='ocrx_word' id='word_1_77' title='bbox 2227 1430 2439 1513; x_wconf 83' lang='lat' dir='ltr'>galeas</span> <span class='ocrx_word' id='word_1_78' title='bbox 2483 1434 2732 1497; x_wconf 82' lang='lat' dir='ltr'>nostras</span> <span class='ocrx_word' id='word_1_79' title='bbox 2781 1427 2974 1495; x_wconf 87' lang='lat' dir='ltr'>dessi-</span> 
     </span>
     <span class='ocr_line' id='line_1_11' title="bbox 647 1530 2970 1613; baseline -0 -18"><span class='ocrx_word' id='word_1_80' title='bbox 647 1536 869 1613; x_wconf 81' lang='lat' dir='ltr'>gnatas</span> <span class='ocrx_word' id='word_1_81' title='bbox 906 1530 987 1596; x_wconf 88' lang='lat' dir='ltr'>ad</span> <span class='ocrx_word' id='word_1_82' title='bbox 1030 1530 1159 1596; x_wconf 84' lang='lat' dir='ltr'>alia</span> <span class='ocrx_word' id='word_1_83' title='bbox 1200 1531 1448 1611; x_wconf 87' lang='lat' dir='ltr'>privata</span> <span class='ocrx_word' id='word_1_84' title='bbox 1488 1537 1704 1597; x_wconf 81' lang='lat' dir='ltr'>nostra</span> <span class='ocrx_word' id='word_1_85' title='bbox 1746 1536 1813 1598; x_wconf 89' lang='lat' dir='ltr'>et</span> <span class='ocrx_word' id='word_1_86' title='bbox 1854 1539 2268 1598; x_wconf 86' lang='lat' dir='ltr'>mercatorum</span> <span class='ocrx_word' id='word_1_87' title='bbox 2309 1536 2660 1599; x_wconf 88' lang='lat' dir='ltr'>nostrorum</span> <span class='ocrx_word' id='word_1_88' title='bbox 2703 1530 2970 1613; x_wconf 66' lang='lat' dir='ltr'>negotia„</span> 
     </span>
     <span class='ocr_line' id='line_1_12' title="bbox 647 1631 2970 1717; baseline -0 -19"><span class='ocrx_word' id='word_1_89' title='bbox 647 1631 1033 1714; x_wconf 76' lang='lat' dir='ltr'>disponimus</span> <span class='ocrx_word' id='word_1_90' title='bbox 1088 1634 1453 1717; x_wconf 80' lang='lat' dir='ltr'>postpositis</span> <span class='ocrx_word' id='word_1_91' title='bbox 1508 1635 1791 1717; x_wconf 87' lang='lat' dir='ltr'>expensis</span> <span class='ocrx_word' id='word_1_92' title='bbox 1848 1643 1914 1701; x_wconf 88' lang='lat' dir='ltr'>et</span> <span class='ocrx_word' id='word_1_93' title='bbox 1977 1635 2118 1701; x_wconf 82' lang='lat' dir='ltr'>aliis</span> <span class='ocrx_word' id='word_1_94' title='bbox 2163 1634 2448 1701; x_wconf 86' lang='lat' dir='ltr'>omnibus</span> <span class='ocrx_word' id='word_1_95' title='bbox 2491 1654 2566 1701; x_wconf 82' lang='lat' dir='ltr'>ex</span> <span class='ocrx_word' id='word_1_96' title='bbox 2611 1633 2738 1701; x_wconf 87' lang='lat' dir='ltr'>illis</span> <span class='ocrx_word' id='word_1_97' title='bbox 2781 1633 2970 1698; x_wconf 86' lang='lat' dir='ltr'>etiam</span> 
     </span>
     <span class='ocr_line' id='line_1_13' title="bbox 647 1733 2968 1819; baseline 0 -20"><span class='ocrx_word' id='word_1_98' title='bbox 647 1734 896 1800; x_wconf 88' lang='lat' dir='ltr'>mittere</span> <span class='ocrx_word' id='word_1_99' title='bbox 941 1735 1024 1801; x_wconf 85' lang='lat' dir='ltr'>ad</span> <span class='ocrx_word' id='word_1_100' title='bbox 1068 1733 1309 1801; x_wconf 83' lang='lat' dir='ltr'>favores</span> <span class='ocrx_word' id='word_1_101' title='bbox 1352 1737 1538 1803; x_wconf 90' lang='lat' dir='ltr'>huius</span> <span class='ocrx_word' id='word_1_102' title='bbox 1581 1742 1711 1803; x_wconf 81' lang='lat' dir='ltr'>tam</span> <span class='ocrx_word' id='word_1_103' title='bbox 1756 1739 1955 1804; x_wconf 85' lang='lat' dir='ltr'>sancti</span> <span class='ocrx_word' id='word_1_104' title='bbox 2001 1741 2220 1819; x_wconf 89' lang='lat' dir='ltr'>operis.</span> <span class='ocrx_word' id='word_1_105' title='bbox 2293 1737 2530 1804; x_wconf 86' lang='lat' dir='ltr'>Notum</span> <span class='ocrx_word' id='word_1_106' title='bbox 2571 1737 2823 1817; x_wconf 80' lang='lat' dir='ltr'>insuper</span> <span class='ocrx_word' id='word_1_107' title='bbox 2865 1753 2968 1800; x_wconf 88' lang='lat' dir='ltr'>vo-</span> 
     </span>
     <span class='ocr_line' id='line_1_14' title="bbox 648 1836 2968 1923; baseline 0 -21"><span class='ocrx_word' id='word_1_108' title='bbox 648 1837 743 1903; x_wconf 91' lang='lat' dir='ltr'>bis</span> <span class='ocrx_word' id='word_1_109' title='bbox 786 1836 1045 1903; x_wconf 85' lang='lat' dir='ltr'>facimus</span> <span class='ocrx_word' id='word_1_110' title='bbox 1088 1838 1253 1921; x_wconf 88' lang='lat' dir='ltr'>quod</span> <span class='ocrx_word' id='word_1_111' title='bbox 1301 1857 1441 1904; x_wconf 89' lang='lat' dir='ltr'>cum</span> <span class='ocrx_word' id='word_1_112' title='bbox 1480 1841 1637 1905; x_wconf 86' lang='lat' dir='ltr'>alias</span> <span class='ocrx_word' id='word_1_113' title='bbox 1680 1838 1761 1905; x_wconf 90' lang='lat' dir='ltr'>ob</span> <span class='ocrx_word' id='word_1_114' title='bbox 1806 1840 1970 1906; x_wconf 85' lang='lat' dir='ltr'>hanc</span> <span class='ocrx_word' id='word_1_115' title='bbox 2013 1841 2342 1923; x_wconf 82' lang='lat' dir='ltr'>specialem</span> <span class='ocrx_word' id='word_1_116' title='bbox 2384 1856 2638 1905; x_wconf 87' lang='lat' dir='ltr'>causam</span> <span class='ocrx_word' id='word_1_117' title='bbox 2673 1836 2968 1905; x_wconf 87' lang='lat' dir='ltr'>obtuleri-</span> 
     </span>
     <span class='ocr_line' id='line_1_15' title="bbox 646 1938 2973 2027; baseline 0 -22"><span class='ocrx_word' id='word_1_118' title='bbox 646 1958 791 2005; x_wconf 89' lang='lat' dir='ltr'>mus</span> <span class='ocrx_word' id='word_1_119' title='bbox 834 1938 1261 2007; x_wconf 87' lang='lat' dir='ltr'>Illustrissimo</span> <span class='ocrx_word' id='word_1_120' title='bbox 1300 1940 1549 2007; x_wconf 90' lang='lat' dir='ltr'>domino</span> <span class='ocrx_word' id='word_1_121' title='bbox 1586 1942 1729 2008; x_wconf 89' lang='lat' dir='ltr'>duci</span> <span class='ocrx_word' id='word_1_122' title='bbox 1770 1942 2126 2027; x_wconf 87' lang='lat' dir='ltr'>Burgondie</span> <span class='ocrx_word' id='word_1_123' title='bbox 2167 1948 2438 2025; x_wconf 82' lang='lat' dir='ltr'>quatuor</span> <span class='ocrx_word' id='word_1_124' title='bbox 2468 1958 2728 2023; x_wconf 86' lang='lat' dir='ltr'>corpora</span> <span class='ocrx_word' id='word_1_125' title='bbox 2765 1939 2973 2023; x_wconf 78' lang='lat' dir='ltr'>galea-</span> 
     </span>
     <span class='ocr_line' id='line_1_16' title="bbox 649 2042 2970 2129; baseline 0 -20"><span class='ocrx_word' id='word_1_126' title='bbox 649 2062 789 2109; x_wconf 89' lang='lat' dir='ltr'>rum</span> <span class='ocrx_word' id='word_1_127' title='bbox 848 2048 1205 2110; x_wconf 85' lang='lat' dir='ltr'>nostrarum</span> <span class='ocrx_word' id='word_1_128' title='bbox 1268 2044 1512 2111; x_wconf 82' lang='lat' dir='ltr'>munita</span> <span class='ocrx_word' id='word_1_129' title='bbox 1578 2045 1859 2111; x_wconf 89' lang='lat' dir='ltr'>omnibus</span> <span class='ocrx_word' id='word_1_130' title='bbox 1923 2046 2315 2129; x_wconf 88' lang='lat' dir='ltr'>opportunis,</span> <span class='ocrx_word' id='word_1_131' title='bbox 2377 2044 2608 2111; x_wconf 88' lang='lat' dir='ltr'>nostris</span> <span class='ocrx_word' id='word_1_132' title='bbox 2665 2042 2970 2125; x_wconf 83' lang='lat' dir='ltr'>expensis·</span> 
     </span>
     <span class='ocr_line' id='line_1_17' title="bbox 651 2144 2974 2227; baseline -0.001 -16"><span class='ocrx_word' id='word_1_133' title='bbox 651 2146 825 2212; x_wconf 90' lang='lat' dir='ltr'>Idem</span> <span class='ocrx_word' id='word_1_134' title='bbox 868 2145 1335 2213; x_wconf 87' lang='lat' dir='ltr'>Illustrissimus</span> <span class='ocrx_word' id='word_1_135' title='bbox 1392 2148 1677 2213; x_wconf 86' lang='lat' dir='ltr'>dominus</span> <span class='ocrx_word' id='word_1_136' title='bbox 1728 2149 1854 2213; x_wconf 86' lang='lat' dir='ltr'>dux</span> <span class='ocrx_word' id='word_1_137' title='bbox 1901 2149 2232 2215; x_wconf 87' lang='lat' dir='ltr'>novissime</span> <span class='ocrx_word' id='word_1_138' title='bbox 2271 2147 2351 2213; x_wconf 80' lang='lat' dir='ltr'>ad</span> <span class='ocrx_word' id='word_1_139' title='bbox 2393 2165 2508 2214; x_wconf 89' lang='lat' dir='ltr'>nos</span> <span class='ocrx_word' id='word_1_140' title='bbox 2549 2144 2722 2212; x_wconf 86' lang='lat' dir='ltr'>misit</span> <span class='ocrx_word' id='word_1_141' title='bbox 2761 2162 2974 2227; x_wconf 89' lang='lat' dir='ltr'>quem-</span> 
     </span>
     <span class='ocr_line' id='line_1_18' title="bbox 650 2248 2972 2333; baseline -0.001 -20"><span class='ocrx_word' id='word_1_142' title='bbox 650 2248 793 2313; x_wconf 85' lang='lat' dir='ltr'>dam</span> <span class='ocrx_word' id='word_1_143' title='bbox 853 2265 1033 2315; x_wconf 87' lang='lat' dir='ltr'>suum</span> <span class='ocrx_word' id='word_1_144' title='bbox 1092 2248 1359 2315; x_wconf 87' lang='lat' dir='ltr'>nobilem</span> <span class='ocrx_word' id='word_1_145' title='bbox 1410 2250 1906 2333; x_wconf 84' lang='lat' dir='ltr'>precarissimum</span> <span class='ocrx_word' id='word_1_146' title='bbox 1967 2256 2037 2315; x_wconf 89' lang='lat' dir='ltr'>ut</span> <span class='ocrx_word' id='word_1_147' title='bbox 2089 2250 2190 2316; x_wconf 88' lang='lat' dir='ltr'>hic</span> <span class='ocrx_word' id='word_1_148' title='bbox 2247 2249 2487 2316; x_wconf 84' lang='lat' dir='ltr'>solicite</span> <span class='ocrx_word' id='word_1_149' title='bbox 2541 2252 2861 2315; x_wconf 77' lang='lat' dir='ltr'>armentur</span> <span class='ocrx_word' id='word_1_150' title='bbox 2905 2250 2972 2312; x_wconf 91' lang='lat' dir='ltr'>et</span> 
     </span>
     <span class='ocr_line' id='line_1_19' title="bbox 654 2348 2972 2435; baseline -0.002 -18"><span class='ocrx_word' id='word_1_151' title='bbox 654 2350 1062 2434; x_wconf 77' lang='lat' dir='ltr'>expediantur</span> <span class='ocrx_word' id='word_1_152' title='bbox 1100 2352 1275 2435; x_wconf 83' lang='lat' dir='ltr'>galee</span> <span class='ocrx_word' id='word_1_153' title='bbox 1319 2352 1614 2435; x_wconf 87' lang='lat' dir='ltr'>predicte,</span> <span class='ocrx_word' id='word_1_154' title='bbox 1659 2352 1745 2418; x_wconf 88' lang='lat' dir='ltr'>Et</span> <span class='ocrx_word' id='word_1_155' title='bbox 1788 2352 1880 2419; x_wconf 86' lang='lat' dir='ltr'>ita</span> <span class='ocrx_word' id='word_1_156' title='bbox 1923 2351 2057 2419; x_wconf 90' lang='lat' dir='ltr'>fieri</span> <span class='ocrx_word' id='word_1_157' title='bbox 2101 2352 2383 2418; x_wconf 86' lang='lat' dir='ltr'>celeriter</span> <span class='ocrx_word' id='word_1_158' title='bbox 2416 2349 2728 2417; x_wconf 83' lang='lat' dir='ltr'>faciemus.</span> <span class='ocrx_word' id='word_1_159' title='bbox 2797 2348 2972 2413; x_wconf 86' lang='lat' dir='ltr'>Dixit</span> 
     </span>
     <span class='ocr_line' id='line_1_20' title="bbox 655 2451 2969 2537; baseline -0.001 -18"><span class='ocrx_word' id='word_1_160' title='bbox 655 2454 841 2519; x_wconf 87' lang='lat' dir='ltr'>etiam</span> <span class='ocrx_word' id='word_1_161' title='bbox 882 2454 1062 2521; x_wconf 86' lang='lat' dir='ltr'>nobis</span> <span class='ocrx_word' id='word_1_162' title='bbox 1106 2454 1422 2537; x_wconf 88' lang='lat' dir='ltr'>predictus</span> <span class='ocrx_word' id='word_1_163' title='bbox 1480 2454 1707 2521; x_wconf 89' lang='lat' dir='ltr'>nobilis</span> <span class='ocrx_word' id='word_1_164' title='bbox 1762 2456 1925 2537; x_wconf 89' lang='lat' dir='ltr'>quod</span> <span class='ocrx_word' id='word_1_165' title='bbox 1985 2454 2451 2521; x_wconf 86' lang='lat' dir='ltr'>Illustrissimus</span> <span class='ocrx_word' id='word_1_166' title='bbox 2512 2451 2798 2520; x_wconf 89' lang='lat' dir='ltr'>dominus</span> <span class='ocrx_word' id='word_1_167' title='bbox 2841 2451 2969 2517; x_wconf 84' lang='lat' dir='ltr'>dux</span> 
     </span>
     <span class='ocr_line' id='line_1_21' title="bbox 649 2554 2974 2641; baseline -0.002 -18"><span class='ocrx_word' id='word_1_168' title='bbox 649 2554 923 2639; x_wconf 79' lang='lat' dir='ltr'>prefatus</span> <span class='ocrx_word' id='word_1_169' title='bbox 982 2559 1151 2641; x_wconf 86' lang='lat' dir='ltr'>apud</span> <span class='ocrx_word' id='word_1_170' title='bbox 1210 2556 1453 2624; x_wconf 82' lang='lat' dir='ltr'>Niciam</span> <span class='ocrx_word' id='word_1_171' title='bbox 1520 2556 1836 2640; x_wconf 88' lang='lat' dir='ltr'>provincie</span> <span class='ocrx_word' id='word_1_172' title='bbox 1890 2558 2119 2624; x_wconf 82' lang='lat' dir='ltr'>armari</span> <span class='ocrx_word' id='word_1_173' title='bbox 2178 2556 2415 2624; x_wconf 84' lang='lat' dir='ltr'>fecerat</span> <span class='ocrx_word' id='word_1_174' title='bbox 2469 2559 2601 2622; x_wconf 89' lang='lat' dir='ltr'>tres</span> <span class='ocrx_word' id='word_1_175' title='bbox 2651 2554 2863 2637; x_wconf 76' lang='lat' dir='ltr'>galeas</span> <span class='ocrx_word' id='word_1_176' title='bbox 2907 2558 2974 2620; x_wconf 91' lang='lat' dir='ltr'>et</span> 
     </span>
     <span class='ocr_line' id='line_1_22' title="bbox 653 2655 2971 2744; baseline -0.003 -18"><span class='ocrx_word' id='word_1_177' title='bbox 653 2678 840 2726; x_wconf 84' lang='lat' dir='ltr'>unam</span> <span class='ocrx_word' id='word_1_178' title='bbox 882 2659 1197 2744; x_wconf 70' lang='lat' dir='ltr'>galeciam</span> <span class='ocrx_word' id='word_1_179' title='bbox 1241 2678 1397 2743; x_wconf 83' lang='lat' dir='ltr'>quas</span> <span class='ocrx_word' id='word_1_180' title='bbox 1456 2661 1640 2726; x_wconf 89' lang='lat' dir='ltr'>simul</span> <span class='ocrx_word' id='word_1_181' title='bbox 1702 2680 1841 2727; x_wconf 91' lang='lat' dir='ltr'>cum</span> <span class='ocrx_word' id='word_1_182' title='bbox 1896 2680 2022 2727; x_wconf 84' lang='lat' dir='ltr'>una</span> <span class='ocrx_word' id='word_1_183' title='bbox 2083 2659 2227 2726; x_wconf 78' lang='lat' dir='ltr'>navi</span> <span class='ocrx_word' id='word_1_184' title='bbox 2280 2677 2466 2742; x_wconf 86' lang='lat' dir='ltr'>quam</span> <span class='ocrx_word' id='word_1_185' title='bbox 2510 2659 2699 2724; x_wconf 86' lang='lat' dir='ltr'>etiam</span> <span class='ocrx_word' id='word_1_186' title='bbox 2741 2655 2971 2722; x_wconf 84' lang='lat' dir='ltr'>armari</span> 
     </span>
     <span class='ocr_line' id='line_1_23' title="bbox 649 2757 2972 2846; baseline -0.002 -18"><span class='ocrx_word' id='word_1_187' title='bbox 649 2761 819 2845; x_wconf 85' lang='lat' dir='ltr'>facit,</span> <span class='ocrx_word' id='word_1_188' title='bbox 862 2763 929 2830; x_wconf 90' lang='lat' dir='ltr'>in</span> <span class='ocrx_word' id='word_1_189' title='bbox 972 2762 1091 2830; x_wconf 90' lang='lat' dir='ltr'>hoc</span> <span class='ocrx_word' id='word_1_190' title='bbox 1133 2763 1235 2846; x_wconf 92' lang='lat' dir='ltr'>pio</span> <span class='ocrx_word' id='word_1_191' title='bbox 1278 2781 1464 2846; x_wconf 88' lang='lat' dir='ltr'>opere</span> <span class='ocrx_word' id='word_1_192' title='bbox 1507 2781 1789 2830; x_wconf 87' lang='lat' dir='ltr'>exercere</span> <span class='ocrx_word' id='word_1_193' title='bbox 1832 2763 2124 2846; x_wconf 88' lang='lat' dir='ltr'>disponit.</span> <span class='ocrx_word' id='word_1_194' title='bbox 2193 2760 2499 2844; x_wconf 83' lang='lat' dir='ltr'>Intelligit</span> <span class='ocrx_word' id='word_1_195' title='bbox 2534 2761 2747 2842; x_wconf 86' lang='lat' dir='ltr'>itaque</span> <span class='ocrx_word' id='word_1_196' title='bbox 2776 2757 2972 2824; x_wconf 84' lang='lat' dir='ltr'>Reve-</span> 
     </span>
     <span class='ocr_line' id='line_1_24' title="bbox 650 2859 2971 2947; baseline -0.003 -16"><span class='ocrx_word' id='word_1_197' title='bbox 650 2865 1019 2932; x_wconf 83' lang='lat' dir='ltr'>rendissima</span> <span class='ocrx_word' id='word_1_198' title='bbox 1061 2866 1291 2930; x_wconf 86' lang='lat' dir='ltr'>Vestra</span> <span class='ocrx_word' id='word_1_199' title='bbox 1333 2865 1687 2932; x_wconf 87' lang='lat' dir='ltr'>Paternitas</span> <span class='ocrx_word' id='word_1_200' title='bbox 1733 2865 1920 2947; x_wconf 85' lang='lat' dir='ltr'>quale</span> <span class='ocrx_word' id='word_1_201' title='bbox 1963 2865 2042 2930; x_wconf 83' lang='lat' dir='ltr'>ad</span> <span class='ocrx_word' id='word_1_202' title='bbox 2085 2883 2215 2930; x_wconf 88' lang='lat' dir='ltr'>rem</span> <span class='ocrx_word' id='word_1_203' title='bbox 2269 2863 2430 2928; x_wconf 86' lang='lat' dir='ltr'>hanc</span> <span class='ocrx_word' id='word_1_204' title='bbox 2471 2861 2558 2928; x_wconf 87' lang='lat' dir='ltr'>sit</span> <span class='ocrx_word' id='word_1_205' title='bbox 2599 2861 2823 2926; x_wconf 86' lang='lat' dir='ltr'>ardens</span> <span class='ocrx_word' id='word_1_206' title='bbox 2866 2859 2971 2924; x_wconf 89' lang='lat' dir='ltr'>de-</span> 
     </span>
     <span class='ocr_line' id='line_1_25' title="bbox 649 2962 2965 3052; baseline -0.003 -20"><span class='ocrx_word' id='word_1_207' title='bbox 649 2967 943 3034; x_wconf 89' lang='lat' dir='ltr'>siderium</span> <span class='ocrx_word' id='word_1_208' title='bbox 972 2975 1275 3035; x_wconf 88' lang='lat' dir='ltr'>nostrum.</span> <span class='ocrx_word' id='word_1_209' title='bbox 1348 2967 1433 3034; x_wconf 92' lang='lat' dir='ltr'>Et</span> <span class='ocrx_word' id='word_1_210' title='bbox 1476 2974 1884 3052; x_wconf 87' lang='lat' dir='ltr'>quampotens</span> <span class='ocrx_word' id='word_1_211' title='bbox 1915 2967 2230 3033; x_wconf 76' lang='lat' dir='ltr'>maritima</span> <span class='ocrx_word' id='word_1_212' title='bbox 2259 2964 2478 3031; x_wconf 85' lang='lat' dir='ltr'>classis</span> <span class='ocrx_word' id='word_1_213' title='bbox 2508 2965 2573 3030; x_wconf 89' lang='lat' dir='ltr'>in</span> <span class='ocrx_word' id='word_1_214' title='bbox 2602 2962 2965 3029; x_wconf 89' lang='lat' dir='ltr'>brevissimo</span> 
     </span>
     <span class='ocr_line' id='line_1_26' title="bbox 658 3065 2969 3154; baseline -0.003 -20"><span class='ocrx_word' id='word_1_215' title='bbox 658 3071 887 3152; x_wconf 76' lang='lat' dir='ltr'>spacio,</span> <span class='ocrx_word' id='word_1_216' title='bbox 946 3073 1235 3137; x_wconf 89' lang='lat' dir='ltr'>strictum</span> <span class='ocrx_word' id='word_1_217' title='bbox 1288 3069 1574 3154; x_wconf 86' lang='lat' dir='ltr'>galipolis</span> <span class='ocrx_word' id='word_1_218' title='bbox 1634 3070 1910 3153; x_wconf 88' lang='lat' dir='ltr'>petitura</span> <span class='ocrx_word' id='word_1_219' title='bbox 1953 3070 2054 3135; x_wconf 87' lang='lat' dir='ltr'>sit.</span> <span class='ocrx_word' id='word_1_220' title='bbox 2145 3067 2441 3150; x_wconf 87' lang='lat' dir='ltr'>Superest</span> <span class='ocrx_word' id='word_1_221' title='bbox 2486 3065 2697 3150; x_wconf 88' lang='lat' dir='ltr'>igitur,</span> <span class='ocrx_word' id='word_1_222' title='bbox 2741 3070 2815 3128; x_wconf 90' lang='lat' dir='ltr'>ut</span> <span class='ocrx_word' id='word_1_223' title='bbox 2856 3081 2969 3146; x_wconf 90' lang='lat' dir='ltr'>pro</span> 
     </span>
     <span class='ocr_line' id='line_1_27' title="bbox 656 3165 2966 3256; baseline -0.003 -19"><span class='ocrx_word' id='word_1_224' title='bbox 656 3173 863 3240; x_wconf 85' lang='lat' dir='ltr'>votiva</span> <span class='ocrx_word' id='word_1_225' title='bbox 907 3172 1281 3256; x_wconf 86' lang='lat' dir='ltr'>perfectione</span> <span class='ocrx_word' id='word_1_226' title='bbox 1322 3172 1508 3238; x_wconf 87' lang='lat' dir='ltr'>huius</span> <span class='ocrx_word' id='word_1_227' title='bbox 1550 3172 1740 3240; x_wconf 88' lang='lat' dir='ltr'>divini</span> <span class='ocrx_word' id='word_1_228' title='bbox 1784 3172 2016 3254; x_wconf 87' lang='lat' dir='ltr'>negotii</span> <span class='ocrx_word' id='word_1_229' title='bbox 2048 3169 2487 3236; x_wconf 86' lang='lat' dir='ltr'>Serenissimus</span> <span class='ocrx_word' id='word_1_230' title='bbox 2517 3167 2801 3234; x_wconf 89' lang='lat' dir='ltr'>dominus</span> <span class='ocrx_word' id='word_1_231' title='bbox 2833 3165 2966 3231; x_wconf 84' lang='lat' dir='ltr'>Rex</span> 
     </span>
     <span class='ocr_line' id='line_1_28' title="bbox 649 3266 2963 3358; baseline -0.005 -16"><span class='ocrx_word' id='word_1_232' title='bbox 649 3275 982 3357; x_wconf 78' lang='lat' dir='ltr'>predictus,</span> <span class='ocrx_word' id='word_1_233' title='bbox 1046 3281 1371 3358; x_wconf 82' lang='lat' dir='ltr'>vestraque</span> <span class='ocrx_word' id='word_1_234' title='bbox 1413 3273 1954 3340; x_wconf 86' lang='lat' dir='ltr'>Reverendissima</span> <span class='ocrx_word' id='word_1_235' title='bbox 1995 3272 2347 3338; x_wconf 82' lang='lat' dir='ltr'>Paternitas</span> <span class='ocrx_word' id='word_1_236' title='bbox 2411 3269 2596 3336; x_wconf 90' lang='lat' dir='ltr'>simul</span> <span class='ocrx_word' id='word_1_237' title='bbox 2637 3287 2777 3334; x_wconf 89' lang='lat' dir='ltr'>cum</span> <span class='ocrx_word' id='word_1_238' title='bbox 2822 3266 2963 3332; x_wconf 87' lang='lat' dir='ltr'>aliis</span> 
     </span>
     <span class='ocr_line' id='line_1_29' title="bbox 648 3369 2966 3460; baseline -0.004 -16"><span class='ocrx_word' id='word_1_239' title='bbox 648 3377 1005 3459; x_wconf 87' lang='lat' dir='ltr'>proceribus</span> <span class='ocrx_word' id='word_1_240' title='bbox 1054 3384 1120 3445; x_wconf 91' lang='lat' dir='ltr'>et</span> <span class='ocrx_word' id='word_1_241' title='bbox 1160 3377 1424 3444; x_wconf 87' lang='lat' dir='ltr'>dominis</span> <span class='ocrx_word' id='word_1_242' title='bbox 1467 3378 1801 3460; x_wconf 85' lang='lat' dir='ltr'>deputatis,</span> <span class='ocrx_word' id='word_1_243' title='bbox 1868 3375 2299 3459; x_wconf 88' lang='lat' dir='ltr'>potentissimo</span> <span class='ocrx_word' id='word_1_244' title='bbox 2350 3372 2626 3439; x_wconf 87' lang='lat' dir='ltr'>exercitu</span> <span class='ocrx_word' id='word_1_245' title='bbox 2666 3369 2966 3436; x_wconf 80' lang='lat' dir='ltr'>adversus</span> 
     </span>
     <span class='ocr_line' id='line_1_30' title="bbox 650 3472 2967 3562; baseline -0.003 -16"><span class='ocrx_word' id='word_1_246' title='bbox 650 3481 863 3546; x_wconf 86' lang='lat' dir='ltr'>hostes</span> <span class='ocrx_word' id='word_1_247' title='bbox 902 3472 1121 3560; x_wconf 80' lang='lat' dir='ltr'>crucis,</span> <span class='ocrx_word' id='word_1_248' title='bbox 1182 3481 1599 3547; x_wconf 87' lang='lat' dir='ltr'>solicitissime</span> <span class='ocrx_word' id='word_1_249' title='bbox 1656 3499 1725 3546; x_wconf 86' lang='lat' dir='ltr'>se</span> <span class='ocrx_word' id='word_1_250' title='bbox 1774 3485 1997 3562; x_wconf 80' lang='lat' dir='ltr'>parent</span> <span class='ocrx_word' id='word_1_251' title='bbox 2041 3483 2106 3544; x_wconf 88' lang='lat' dir='ltr'>et</span> <span class='ocrx_word' id='word_1_252' title='bbox 2149 3477 2372 3543; x_wconf 86' lang='lat' dir='ltr'>amotis</span> <span class='ocrx_word' id='word_1_253' title='bbox 2423 3474 2827 3542; x_wconf 82' lang='lat' dir='ltr'>dilationibus</span> <span class='ocrx_word' id='word_1_254' title='bbox 2865 3473 2967 3539; x_wconf 88' lang='lat' dir='ltr'>iti-</span> 
     </span>
     <span class='ocr_line' id='line_1_31' title="bbox 648 3577 2964 3658; baseline -0.003 -10"><span class='ocrx_word' id='word_1_255' title='bbox 648 3583 781 3649; x_wconf 90' lang='lat' dir='ltr'>neri</span> <span class='ocrx_word' id='word_1_256' title='bbox 826 3600 895 3648; x_wconf 90' lang='lat' dir='ltr'>se</span> <span class='ocrx_word' id='word_1_257' title='bbox 938 3583 1344 3650; x_wconf 87' lang='lat' dir='ltr'>committant.</span> <span class='ocrx_word' id='word_1_258' title='bbox 1414 3583 1533 3649; x_wconf 87' lang='lat' dir='ltr'>Est</span> <span class='ocrx_word' id='word_1_259' title='bbox 1578 3584 1741 3649; x_wconf 89' lang='lat' dir='ltr'>enim</span> <span class='ocrx_word' id='word_1_260' title='bbox 1784 3583 1847 3648; x_wconf 90' lang='lat' dir='ltr'>in</span> <span class='ocrx_word' id='word_1_261' title='bbox 1893 3581 2007 3647; x_wconf 87' lang='lat' dir='ltr'>Dei</span> <span class='ocrx_word' id='word_1_262' title='bbox 2049 3579 2376 3646; x_wconf 85' lang='lat' dir='ltr'>clementia</span> <span class='ocrx_word' id='word_1_263' title='bbox 2404 3579 2579 3645; x_wconf 89' lang='lat' dir='ltr'>cuius</span> <span class='ocrx_word' id='word_1_264' title='bbox 2608 3595 2710 3643; x_wconf 89' lang='lat' dir='ltr'>res</span> <span class='ocrx_word' id='word_1_265' title='bbox 2738 3577 2964 3658; x_wconf 84' lang='lat' dir='ltr'>agitur,</span> 
     </span>
     <span class='ocr_line' id='line_1_32' title="bbox 632 3677 2969 3767; baseline -0.004 -16"><span class='ocrx_word' id='word_1_266' title='bbox 632 3685 896 3751; x_wconf 83' lang='lat' dir='ltr'>&#39;indubie</span> <span class='ocrx_word' id='word_1_267' title='bbox 940 3685 1365 3752; x_wconf 87' lang='lat' dir='ltr'>confidendum</span> <span class='ocrx_word' id='word_1_268' title='bbox 1422 3704 1495 3751; x_wconf 85' lang='lat' dir='ltr'>ac</span> <span class='ocrx_word' id='word_1_269' title='bbox 1552 3685 1617 3751; x_wconf 92' lang='lat' dir='ltr'>in</span> <span class='ocrx_word' id='word_1_270' title='bbox 1670 3684 2101 3767; x_wconf 86' lang='lat' dir='ltr'>potentissimo</span> <span class='ocrx_word' id='word_1_271' title='bbox 2161 3681 2636 3748; x_wconf 84' lang='lat' dir='ltr'>christianorum</span> <span class='ocrx_word' id='word_1_272' title='bbox 2695 3677 2969 3746; x_wconf 86' lang='lat' dir='ltr'>exercitu</span> 
     </span>
     <span class='ocr_line' id='line_1_33' title="bbox 646 3779 2968 3872; baseline -0.005 -17"><span class='ocrx_word' id='word_1_273' title='bbox 646 3793 779 3855; x_wconf 81' lang='lat' dir='ltr'>tam</span> <span class='ocrx_word' id='word_1_274' title='bbox 822 3789 1105 3854; x_wconf 88' lang='lat' dir='ltr'>terrestri</span> <span class='ocrx_word' id='word_1_275' title='bbox 1158 3807 1341 3872; x_wconf 83' lang='lat' dir='ltr'>quam</span> <span class='ocrx_word' id='word_1_276' title='bbox 1371 3788 1683 3855; x_wconf 85' lang='lat' dir='ltr'>maritimo</span> <span class='ocrx_word' id='word_1_277' title='bbox 1710 3787 1872 3869; x_wconf 91' lang='lat' dir='ltr'>quod</span> <span class='ocrx_word' id='word_1_278' title='bbox 1905 3804 2068 3852; x_wconf 85' lang='lat' dir='ltr'>anno</span> <span class='ocrx_word' id='word_1_279' title='bbox 2107 3785 2227 3850; x_wconf 89' lang='lat' dir='ltr'>isto</span> <span class='ocrx_word' id='word_1_280' title='bbox 2258 3787 2552 3866; x_wconf 88' lang='lat' dir='ltr'>sequetur</span> <span class='ocrx_word' id='word_1_281' title='bbox 2579 3781 2685 3847; x_wconf 88' lang='lat' dir='ltr'>ille</span> <span class='ocrx_word' id='word_1_282' title='bbox 2713 3779 2968 3848; x_wconf 85' lang='lat' dir='ltr'>effectus</span> 
     </span>
     <span class='ocr_line' id='line_1_34' title="bbox 648 3884 2970 3975; baseline -0.003 -17"><span class='ocrx_word' id='word_1_283' title='bbox 648 3895 868 3958; x_wconf 87' lang='lat' dir='ltr'>contra</span> <span class='ocrx_word' id='word_1_284' title='bbox 898 3891 1169 3975; x_wconf 86' lang='lat' dir='ltr'>perfidos</span> <span class='ocrx_word' id='word_1_285' title='bbox 1210 3896 1456 3958; x_wconf 82' lang='lat' dir='ltr'>teucros</span> <span class='ocrx_word' id='word_1_286' title='bbox 1482 3891 1589 3973; x_wconf 87' lang='lat' dir='ltr'>qui</span> <span class='ocrx_word' id='word_1_287' title='bbox 1618 3890 1698 3956; x_wconf 81' lang='lat' dir='ltr'>ab</span> <span class='ocrx_word' id='word_1_288' title='bbox 1726 3888 2012 3956; x_wconf 88' lang='lat' dir='ltr'>omnibus</span> <span class='ocrx_word' id='word_1_289' title='bbox 2040 3887 2278 3956; x_wconf 90' lang='lat' dir='ltr'>Christi</span> <span class='ocrx_word' id='word_1_290' title='bbox 2315 3884 2598 3953; x_wconf 87' lang='lat' dir='ltr'>fidelibus</span> <span class='ocrx_word' id='word_1_291' title='bbox 2641 3889 2970 3965; x_wconf 84' lang='lat' dir='ltr'>tantopere</span> 
     </span>
     <span class='ocr_line' id='line_1_35' title="bbox 647 3985 2965 4076; baseline -0.004 -16"><span class='ocrx_word' id='word_1_292' title='bbox 647 3993 987 4061; x_wconf 83' lang='lat' dir='ltr'>desiderari</span> <span class='ocrx_word' id='word_1_293' title='bbox 1023 3993 1225 4060; x_wconf 89' lang='lat' dir='ltr'>debet.</span> <span class='ocrx_word' id='word_1_294' title='bbox 1312 3993 1411 4059; x_wconf 89' lang='lat' dir='ltr'>Ad</span> <span class='ocrx_word' id='word_1_295' title='bbox 1452 3991 1941 4059; x_wconf 84' lang='lat' dir='ltr'>accellerandum</span> <span class='ocrx_word' id='word_1_296' title='bbox 2005 3991 2220 4076; x_wconf 87' lang='lat' dir='ltr'>itaque</span> <span class='ocrx_word' id='word_1_297' title='bbox 2273 4006 2350 4054; x_wconf 84' lang='lat' dir='ltr'>ea</span> <span class='ocrx_word' id='word_1_298' title='bbox 2390 4005 2513 4071; x_wconf 89' lang='lat' dir='ltr'>que</span> <span class='ocrx_word' id='word_1_299' title='bbox 2553 3985 2758 4053; x_wconf 82' lang='lat' dir='ltr'>fienda</span> <span class='ocrx_word' id='word_1_300' title='bbox 2799 3989 2965 4066; x_wconf 86' lang='lat' dir='ltr'>sunt,</span> 
     </span>
     <span class='ocr_line' id='line_1_36' title="bbox 648 4086 2966 4178; baseline -0.004 -17"><span class='ocrx_word' id='word_1_301' title='bbox 648 4095 798 4162; x_wconf 88' lang='lat' dir='ltr'>licet</span> <span class='ocrx_word' id='word_1_302' title='bbox 839 4096 1261 4163; x_wconf 85' lang='lat' dir='ltr'>existimemus</span> <span class='ocrx_word' id='word_1_303' title='bbox 1304 4095 1367 4161; x_wconf 94' lang='lat' dir='ltr'>id</span> <span class='ocrx_word' id='word_1_304' title='bbox 1404 4095 1571 4178; x_wconf 85' lang='lat' dir='ltr'>apud</span> <span class='ocrx_word' id='word_1_305' title='bbox 1613 4113 1724 4160; x_wconf 89' lang='lat' dir='ltr'>vos</span> <span class='ocrx_word' id='word_1_306' title='bbox 1759 4112 1883 4160; x_wconf 93' lang='lat' dir='ltr'>non</span> <span class='ocrx_word' id='word_1_307' title='bbox 1915 4099 2218 4176; x_wconf 75' lang='lat' dir='ltr'>oportere,</span> <span class='ocrx_word' id='word_1_308' title='bbox 2264 4096 2474 4156; x_wconf 88' lang='lat' dir='ltr'>tamen</span> <span class='ocrx_word' id='word_1_309' title='bbox 2507 4086 2966 4155; x_wconf 85' lang='lat' dir='ltr'>Reverendissi-</span> 
     </span>
     <span class='ocr_line' id='line_1_37' title="bbox 646 4190 2968 4277; baseline -0.003 -15"><span class='ocrx_word' id='word_1_310' title='bbox 646 4214 811 4262; x_wconf 79' lang='lat' dir='ltr'>mam</span> <span class='ocrx_word' id='word_1_311' title='bbox 858 4196 1308 4263; x_wconf 85' lang='lat' dir='ltr'>Paternitatem</span> <span class='ocrx_word' id='word_1_312' title='bbox 1351 4201 1619 4262; x_wconf 88' lang='lat' dir='ltr'>vestram</span> <span class='ocrx_word' id='word_1_313' title='bbox 1673 4200 1974 4277; x_wconf 78' lang='lat' dir='ltr'>quantum</span> <span class='ocrx_word' id='word_1_314' title='bbox 2023 4210 2348 4276; x_wconf 86' lang='lat' dir='ltr'>possumus</span> <span class='ocrx_word' id='word_1_315' title='bbox 2408 4190 2765 4268; x_wconf 79' lang='lat' dir='ltr'>excitamuS,</span> <span class='ocrx_word' id='word_1_316' title='bbox 2829 4207 2968 4254; x_wconf 92' lang='lat' dir='ltr'>cum</span> 
     </span>
     <span class='ocr_line' id='line_1_38' title="bbox 645 4291 2965 4382; baseline -0.004 -17"><span class='ocrx_word' id='word_1_317' title='bbox 645 4304 859 4365; x_wconf 86' lang='lat' dir='ltr'>nostro</span> <span class='ocrx_word' id='word_1_318' title='bbox 904 4298 1132 4366; x_wconf 89' lang='lat' dir='ltr'>iudicio</span> <span class='ocrx_word' id='word_1_319' title='bbox 1190 4316 1629 4382; x_wconf 83' lang='lat' dir='ltr'>cognoscamus</span> <span class='ocrx_word' id='word_1_320' title='bbox 1671 4298 1835 4380; x_wconf 88' lang='lat' dir='ltr'>quod</span> <span class='ocrx_word' id='word_1_321' title='bbox 1895 4297 2019 4364; x_wconf 89' lang='lat' dir='ltr'>nisi</span> <span class='ocrx_word' id='word_1_322' title='bbox 2079 4313 2240 4362; x_wconf 88' lang='lat' dir='ltr'>anno</span> <span class='ocrx_word' id='word_1_323' title='bbox 2297 4295 2420 4360; x_wconf 87' lang='lat' dir='ltr'>isto</span> <span class='ocrx_word' id='word_1_324' title='bbox 2461 4294 2644 4360; x_wconf 89' lang='lat' dir='ltr'>detur</span> <span class='ocrx_word' id='word_1_325' title='bbox 2685 4291 2965 4358; x_wconf 88' lang='lat' dir='ltr'>executio</span> 
     </span>
     <span class='ocr_line' id='line_1_39' title="bbox 642 4391 2963 4483; baseline -0.002 -18"><span class='ocrx_word' id='word_1_326' title='bbox 642 4399 788 4468; x_wconf 87' lang='lat' dir='ltr'>huic</span> <span class='ocrx_word' id='word_1_327' title='bbox 835 4405 1051 4469; x_wconf 82' lang='lat' dir='ltr'>saneto</span> <span class='ocrx_word' id='word_1_328' title='bbox 1094 4402 1265 4483; x_wconf 88' lang='lat' dir='ltr'>operi</span> <span class='ocrx_word' id='word_1_329' title='bbox 1307 4400 1573 4483; x_wconf 77' lang='lat' dir='ltr'>amplius</span> <span class='ocrx_word' id='word_1_330' title='bbox 1614 4398 1832 4466; x_wconf 88' lang='lat' dir='ltr'>diebus</span> <span class='ocrx_word' id='word_1_331' title='bbox 1872 4397 2104 4466; x_wconf 86' lang='lat' dir='ltr'>nostris</span> <span class='ocrx_word' id='word_1_332' title='bbox 2147 4401 2391 4480; x_wconf 87' lang='lat' dir='ltr'>tempus</span> <span class='ocrx_word' id='word_1_333' title='bbox 2434 4399 2564 4461; x_wconf 81' lang='lat' dir='ltr'>tam</span> <span class='ocrx_word' id='word_1_334' title='bbox 2599 4391 2963 4462; x_wconf 81' lang='lat' dir='ltr'>accomoda·</span> 
     </span>
    </p>
   </div>
  </div>
 </body>
</html>
