3793 5187
626 629 731 946 L!
908 737 947 831 Z
1016 717 1347 832 czisssw
1410 735 1974 832 mummi
2036 717 2692 831 wiflussliczffl.
2954 641 2964 940 Ι

1654 1537 1956 1613 XXVI.

1253 1690 1597 1760 mccccxi..
1644 1692 1740 1759 die
1783 1691 1937 1758 ΧνΙΙ.
1983 1690 2342 1759 Decembris.

842 1859 1027 1936 Quod
1072 1858 1424 1941 Spectabili
1460 1859 1645 1924 militi
1690 1859 1942 1924 domino
1988 1859 2254 1924 Nicolao
2289 1858 2370 1923 de
2401 1857 2636 1923 Sancto
2670 1855 2975 1924 Severino

640 1961 883 2026 oratori
952 1960 1353 2026 Serenissimi
1414 1961 1652 2026 domini
1710 1961 1972 2026 Polonie
2031 1966 2097 2026 et
2153 1959 2480 2042 Hungarie
2535 1959 2728 2042 Regis
2775 1961 2858 2024 ad
2902 1980 2980 2025 ea

638 2079 762 2144 que
800 2063 1099 2145 exposuit
1148 2080 1265 2144 pro
1313 2067 1499 2144 parte
1544 2061 1944 2128 Serenissimi
2006 2061 2240 2126 domini
2299 2061 2491 2143 Regis
2552 2061 2842 2142 predicti,
2904 2081 2979 2128 ac

638 2182 758 2246 pro
807 2169 995 2245 parte
1046 2163 1311 2228 Comitis
1378 2163 1715 2228 Maticonis
1756 2168 1823 2227 et
1864 2164 1930 2227 in
1977 2165 2111 2227 eius
2157 2163 2552 2245 specialitate
2594 2167 2667 2227 ut
2709 2163 2981 2229 relatum

638 2271 741 2331 est
786 2264 937 2330 huic
989 2265 1251 2331 consilio
1312 2283 1428 2346 per
1483 2264 1967 2330 Serenissimum
2032 2265 2350 2329 dominum
2397 2265 2660 2344 Ducem,
2721 2285 2982 2347 respon-

641 2364 871 2431 deatur
919 2366 985 2430 in
1030 2365 1196 2432 hunc
1238 2365 1513 2431 modum.
1584 2365 1766 2443 Quod
1809 2371 1883 2430 ut
1924 2365 2050 2431 iam
2095 2365 2216 2431 sibi
2245 2367 2514 2432 diximus
2550 2368 2684 2432 eius
2714 2365 2980 2447 Specta-

640 2466 877 2532 bilitati
922 2466 1203 2532 vidimus
1268 2467 1567 2533 alacriter
1609 2470 1676 2531 et
1716 2466 1989 2531 libenter
2036 2472 2102 2532 et
2145 2466 2229 2531 ad
2273 2485 2350 2532 ea
2395 2485 2518 2548 que
2561 2467 2745 2533 nobis
2787 2486 2982 2549 expo-

644 2569 791 2650 suit,
840 2572 905 2635 et
938 2568 1145 2651 primo
1174 2585 1293 2650 pro
1324 2573 1509 2652 parte
1542 2567 1940 2635 Serenissimi
1970 2568 2206 2635 domini
2237 2569 2432 2653 Regis
2459 2569 2982 2651 respondebimus

642 2670 1042 2735 verissimum
1082 2688 1244 2749 esse,
1293 2671 1465 2752 quod
1512 2670 1677 2736 bone
1720 2672 2021 2736 memorie
2055 2670 2456 2736 Serenissimi
2499 2670 2733 2735 domini
2775 2671 2984 2751 Impe-

644 2770 880 2837 ratoris
927 2770 1313 2853 sigismundi
1359 2789 1608 2837 eramus
1657 2772 2046 2837 devotissimi
2105 2772 2237 2849 filii,
2304 2778 2370 2837 et
2410 2772 2474 2835 in
2522 2773 2656 2837 eius
2703 2770 2989 2853 perfecta

644 2872 1092 2953 benivolentia,
1136 2876 1203 2937 et
1249 2890 1389 2937 cum
1430 2872 1789 2938 serenitate
1829 2890 1948 2938 sua
1989 2890 2106 2954 pro
2151 2890 2336 2938 sacro
2383 2872 2662 2954 Imperio
2707 2871 2986 2937 habeba-

645 2992 785 3040 mus
830 2978 1068 3039 certam
1113 2974 1600 3056 intelligentiam
1652 2992 1776 3055 que
1821 2973 2118 3039 defuncta
2161 2974 2296 3039 eius
2346 2974 2688 3038 Maiestate
2735 2974 2986 3055 expira-

646 3076 760 3155 vit,
820 3079 889 3140 et
949 3093 1067 3157 pro
1113 3075 1334 3157 Regno
1383 3074 1710 3156 Hungarie
1754 3078 2059 3157 treuguas
2134 3092 2258 3156 que
2305 3073 2582 3139 debitam
2631 3074 2990 3140 habuerunt

649 3176 1161 3243 observationem
1202 3181 1270 3242 et
1312 3176 1455 3241 illas
1499 3177 1711 3257 parati
1759 3195 1974 3241 sumus
2015 3177 2208 3242 etiam
2236 3178 2299 3240 in
2329 3175 2612 3240 futurum
2645 3176 2992 3241 observare

648 3282 716 3343 et
758 3296 899 3345 cum
952 3278 1087 3344 eius
1134 3278 1497 3343 Serenitate
1554 3278 1785 3344 bonam
1830 3283 1895 3341 et
1933 3281 2308 3360 perpetuam
2367 3276 2714 3341 amiciciam
2769 3282 2991 3342 tenere

652 3384 718 3446 et
760 3398 1159 3446 conservare.
2322 3461 2328 3467 .

854 3482 959 3548 Ad
1001 3487 1250 3563 partem
1308 3479 1545 3547 favoris
1614 3500 1803 3562 quem
1862 3482 2030 3563 petit
2087 3501 2206 3563 per
2260 3500 2378 3547 nos
2439 3480 2711 3546 conferri
2757 3480 2991 3545 Comiti

651 3582 959 3648 Maticoni
1002 3602 1121 3665 pro
1166 3582 1651 3664 recuperatione
1697 3583 1906 3648 Castri
1949 3582 2069 3647 sibi
2107 3584 2306 3648 ablati
2345 3602 2463 3664 per
2505 3582 2814 3648 Comitem
2847 3582 2992 3646 Ste-

654 3685 955 3767 phanum,
1022 3684 1285 3749 dicimus
1334 3683 1505 3763 quod
1570 3684 1727 3748 certi
1765 3683 2108 3763 reddimur,
2165 3683 2334 3765 quod
2382 3684 2707 3749 Serenitas
2753 3701 2872 3748 sua
2917 3701 2996 3747 ex

653 3782 989 3851 affectione
1036 3802 1225 3865 quam
1264 3784 1449 3849 nobis
1494 3783 1705 3863 habet,
1744 3785 1906 3849 nolit
1947 3786 2067 3850 nisi
2113 3804 2206 3865 ea,
2254 3804 2378 3866 que
2419 3786 2546 3850 sint
2591 3803 2738 3849 cum
2784 3801 2997 3849 reser-

656 3886 916 3951 vatione
959 3886 1221 3952 honoris
1267 3891 1333 3951 et
1374 3885 1525 3951 fidei
1568 3891 1785 3952 nostre
1828 3886 2126 3968 quodque
2175 3888 2602 3953 serenitatem
2655 3904 2836 3951 suam
2885 3886 2996 3950 ad-

654 3988 933 4053 visamus
980 3988 1153 4068 quod
1193 3986 1522 4069 predictus
1570 3988 1796 4053 Comes
1846 3988 2143 4054 Stefanus
2192 3988 2274 4053 ad
2316 4007 2435 4053 nos
2489 3988 2665 4053 misit
2711 3992 3000 4052 oratores

659 4106 831 4169 suos,
875 4090 1081 4154 multa
1110 4107 1249 4154 cum
1280 4089 1587 4155 instantia
1632 4094 1858 4170 petens
1902 4089 2157 4155 favores
2203 4094 2476 4169 nostros,
2525 4108 2684 4171 quos
2731 4088 2854 4154 sibi
2889 4087 3001 4152 de-

657 4190 1046 4271 negavimus.
1120 4190 1207 4255 Et
1247 4189 1505 4255 tandem
1547 4190 1948 4273 promisimus
1979 4196 2151 4257 stare
2189 4192 2534 4272 neutraleS,
2583 4188 3001 4271 quamobrem

656 4308 783 4357 non
825 4290 1109 4357 videmus
1152 4308 1344 4374 posse
1382 4291 1562 4356 salva
1603 4290 1730 4357 fide
1770 4296 1835 4357 et
1864 4293 2282 4374 promissione
2315 4299 2536 4360 nostra
2560 4311 2715 4374 supr
2727 4291 3003 4373 ascripto

2625 4412 2662 4468 5
