3793 5187
1815 524 1898 586 37

892 725 1247 810 (Sapientes
1278 725 1537 793 Consilii
1566 731 1631 794 et
1661 723 1987 810 Sapientes
2017 727 2302 810 Guerre).

895 827 1010 896 Ser
1050 832 1287 898 Rossus
1345 831 1612 913 Marino,
1673 850 1774 897 ser
1829 831 2138 898 Iohannes
2193 823 2440 912 Mauro,
2500 848 2601 894 ser
2659 828 3026 895 Franciscus

690 931 1009 1013 comario,
1057 933 1383 1016 Sapientes
1429 933 1713 1015 Consilii3
1748 973 1834 982 —
1872 953 1974 1000 ser
2018 934 2386 1000 Franciscus
2427 932 2505 999 de
2543 933 2880 1014 Bernardo,
2927 952 3028 999 ser

687 1037 1057 1104 Franciscus
1100 1037 1374 1119 Foscari,
1416 1055 1519 1103 ser
1562 1037 1869 1104 Fantinus
1911 1036 2214 1118 Dandolo,
2263 1033 2588 1118 Sapientes
2631 1034 2887 1100 Guerre‚

892 1140 1131 1206 Volunt
1176 1140 1339 1223 quod
1383 1140 1567 1206 dictis
1614 1138 1999 1223 respectibus
2028 1144 2094 1206 et
2120 1138 2546 1206 occasionibus
2573 1137 2866 1204 mittatur
2893 1158 3026 1204 ma-

686 1242 883 1324 gister
926 1242 1161 1309 Paulus
1203 1243 1540 1326 predictus,
1585 1245 1694 1310 sed
1736 1243 2019 1326 ulterius,
2066 1243 2214 1326 quia
2254 1243 2540 1309 dominus
2585 1243 2720 1308 Rex
2750 1241 3023 1324 Polonie,

689 1345 848 1412 dixit
892 1346 1192 1430 magistro
1232 1346 1445 1428 Paulo,
1493 1348 1659 1430 quod
1701 1345 1932 1412 bonum
1977 1352 2161 1427 esset,
2204 1351 2278 1412 ut
2315 1346 2716 1411 mitterentur
2760 1365 2872 1428 per
2912 1365 3026 1412 nos

688 1449 882 1514 etiam
926 1449 1122 1531 aliqui
1165 1448 1451 1516 doctores
1486 1449 1730 1532 juriste,
1792 1450 1900 1532 qui
1945 1449 2177 1515 scirent
2217 1454 2283 1515 et
2323 1453 2578 1530 possent
2619 1447 2920 1514 interesse
2961 1454 3027 1515 et

689 1549 1042 1618 substinere
1078 1552 1221 1634 jnra
1262 1552 1463 1618 nostri
1504 1551 1779 1633 dominii,
1842 1571 1955 1635 pro
1999 1552 2240 1618 meliori
2290 1551 2545 1618 comodo
2588 1557 2654 1617 et
2695 1551 3026 1634 avantagio

686 1655 1065 1736 agendorum
1126 1659 1501 1736 nostrorum,
1561 1656 1728 1738 quod
1779 1655 1949 1720 mitti
2007 1655 2232 1721 debeat
2288 1653 2472 1720 simul
2529 1672 2669 1720 cum
2723 1654 3026 1736 magistro

693 1755 889 1823 Paulo
949 1776 1110 1824 unus
1171 1759 1334 1824 alter
1389 1763 1603 1824 noster
1642 1760 1877 1838 doctor,
1940 1757 2048 1841 qui
2092 1756 2404 1823 videbitur
2447 1756 2740 1840 Collegio‚
2792 1758 2901 1840 qui
2942 1758 3028 1823 sit

690 1878 829 1925 cum
888 1860 1055 1926 dicto
1099 1860 1401 1943 magistro
1446 1861 1660 1942 Paulo,
1724 1865 1788 1927 et
1846 1881 1989 1928 cum
2030 1861 2262 1928 nostris
2313 1861 2882 1942 ambassiatoribus,
2943 1861 3024 1926 ad

696 1963 1142 2047 exequendum,
1189 1965 1525 2032 secundum
1569 1967 1734 2048 quod
1767 1984 1879 2048 per
1910 1965 2250 2050 Collegium
2279 1965 2400 2031 sibi
2425 1966 2788 2031 mandatum
2815 1962 3022 2030 fuerit.

1033 2068 1127 2134 De
1168 2073 1350 2152 parte
1398 2072 1496 2135 16.

888 2185 1031 2271 (Ser
1073 2186 1339 2256 Sanctus
1367 2188 1635 2255 Venerio
1678 2186 1938 2272 Sapiens
1981 2187 2239 2270 Guerre‚
2285 2207 2388 2255 ser
2430 2187 2726 2254 Nicolaus
2757 2186 3024 2270 Georgio

690 2287 949 2372 Sapiens
989 2291 1319 2376 ordinum).

892 2393 1132 2460 Volunt
1173 2398 1417 2477 partem
1460 2394 1802 2477 differendi,
1848 2395 1956 2462 sed
1987 2396 2152 2479 quod
2180 2395 2405 2462 debeat
2433 2394 2620 2462 scribi
2650 2413 2760 2478 per
2786 2393 3026 2460 ziffiam

686 2495 1218 2562 ambaxiatoribus
1269 2498 1520 2580 nostris,
1582 2503 1646 2564 et
1692 2499 1979 2565 denotari
2037 2498 2260 2565 debeat
2303 2517 2514 2563 omnes
2557 2496 3026 2564 informationes

688 2605 754 2666 et
796 2601 1247 2667 declarationes
1297 2602 1547 2669 habitas
1590 2622 1630 2668 a
1674 2604 1973 2686 magistro
2015 2601 2231 2683 Pau10,
2294 2602 2460 2685 quod
2502 2619 2700 2683 nuper
2744 2601 2915 2667 venit
2948 2601 3025 2666 de

685 2703 971 2785 partibus
1019 2704 1358 2787 Hungarie.

988 2806 1086 2873 De
1126 2810 1311 2889 parte
1434 2809 1522 2874 40
1562 2844 1649 2855 —-
1690 2808 1776 2873 40
1819 2845 1907 2855 —
1948 2812 2032 2873 43
2075 2844 2164 2854 —
2204 2809 2310 2873 48.

990 2909 1086 2975 De
1133 2928 1259 2976 non
1481 2910 1541 2976 Ο.

992 3011 1137 3078 Non
1178 3011 1404 3078 sinceri
1480 3014 1653 3078 4-
1740 3018 1779 3079 9
1821 3049 1909 3060 —
1996 3016 2035 3077 5
2079 3048 2166 3059 —
2253 3015 2309 3077 5.

1160 3112 1425 3180 (Archivio
1459 3114 1517 3169 aa·
1549 3114 1703 3171 Stato
1737 3116 1793 3170 in
1837 3114 2081 3181 Venczia,

752 3180 1199 3238 Deliberazioni
1234 3181 1455 3239 Senato
1493 3183 1748 3253 Secreta,
1785 3184 1938 3255 Reg.
1973 3184 2042 3254 V,
2079 3186 2242 3240 carte
2276 3182 2347 3237 22
2381 3184 2449 3250 t.)

1767 3406 1944 3483 XV.

1429 3526 1777 3597 Mcssccxll.
1822 3528 1918 3595 die
1961 3528 2092 3595 xm.
2138 3528 2290 3595 Maii.

1096 3612 1318 3696 Capta.

890 3714 1067 3793 Quod
1110 3715 1421 3782 scribatur
1470 3715 2000 3782 ambaxiatoribus
2059 3715 2292 3782 nostris
2334 3715 2401 3780 in
2440 3713 2726 3799 partibus
2770 3714 3027 3783 Polonie

686 3814 1117 3896 existentibus,
1162 3818 1231 3882 in
1272 3817 1391 3883 hac
1430 3815 1648 3883 forma.

888 3918 1008 3987 His
1059 3920 1277 3986 diebus
1337 3919 1567 4003 elapsis
1625 3920 1928 4004 applicuit
1969 3920 2252 3987 Venetiis
2305 3919 2678 3988 venerabilis
2729 3922 3026 4005 magister

686 4019 923 4086 Paulus
966 4020 1201 4088 ordinis
1244 4022 1707 4103 heremitarum,
1754 4028 1968 4089 orator
2009 4029 2239 4104 noster,
2279 4023 2526 4090 rediens
2552 4042 2592 4089 a
2621 4022 3026 4091 Serenissimo

688 4122 937 4188 domino
980 4124 1149 4207 Rege
1187 4123 1460 4205 Polonie,
1508 4126 1616 4208 qui
1660 4125 1872 4208 aliqua
1923 4131 2054 4191 tam
2101 4125 2217 4192 sub
2260 4127 2445 4192 litera
2491 4128 2803 4193 credentie
2829 4128 3027 4210 ipsius

686 4224 921 4291 domini
962 4226 1151 4310 Regis
1194 4246 1380 4311 quam
1418 4228 1544 4293 alia
1583 4228 1784 4295 multa
1842 4247 1957 4311 pro
2007 4233 2225 4295 nostra
2267 4228 2701 4297 informatione
2744 4234 2810 4295 et
2852 4229 3026 4296 advi-

685 4334 988 4411 samento,
1033 4328 1212 4395 nobis
1254 4333 1544 4397 oretenus
1586 4332 1949 4413 reportavit.
2015 4330 2102 4396 Et
2132 4331 2594 4398 considerantes
2638 4336 2870 4416 quante
2911 4333 3026 4399 im-

687 4432 1024 4515 portantie,
1084 4450 1159 4500 ac
1199 4432 1497 4500 utilitatis
1551 4452 1687 4501 esse
1740 4440 1995 4519 possent
2037 4453 2114 4501 ea
2155 4453 2276 4521 que
2319 4434 2532 4519 sensit,
2577 4440 2643 4503 et
2685 4434 2905 4503 habuit
2947 4436 3026 4507 de
