3793 5187
1891 629 2011 694 184

761 851 901 900 mus
939 833 1235 917 quoniam
1273 835 1355 902 ad
1400 839 1646 916 partem
1674 834 1768 900 rei
1799 833 2143 901 christiane
2178 833 2335 900 satis
2364 831 2751 900 sufficienter
2775 831 2953 900 vobis
2981 837 3112 900 ter-

761 936 861 1003 nis
910 937 1116 1005 literis
1157 938 1388 1004 nostris
1435 937 1798 1020 scripsimus
1840 940 1907 1003 et
1952 953 2147 1020 super
2168 940 2533 1020 aptamento
2574 939 2641 1001 et
2682 935 3113 1018 pacificatione

759 1038 1014 1107 illorum
1083 1059 1303 1123 regum
1366 1044 1647 1106 nostram
1713 1039 1888 1106 vobis
1954 1038 2411 1106 declaravimus
2476 1037 2855 1120 opinionem,
2920 1035 3117 1122 quam'

759 1143 962 1210 etiam
1003 1143 1285 1210 videmus
1330 1161 1466 1209 esse
1510 1143 1752 1210 Summi
1794 1141 2129 1226 pontificis,
2198 1143 2440 1226 pergite
2481 1140 2677 1224 igitur
2718 1143 3112 1224 procurando

759 1247 1058 1313 instando
1105 1250 1172 1312 et
1216 1245 1606 1328 requirendo,
1651 1251 1726 1311 ut
1771 1247 2141 1328 aptamento
2178 1245 2482 1326 predicto,
2544 1249 2847 1327 tanquam
2888 1243 3111 1310 funda-

761 1356 976 1416 mento
1025 1349 1221 1416 totius
1262 1349 1501 1432 negotii
1542 1349 1767 1415 modus
1813 1367 1928 1430 per
1958 1347 2287 1414 Summum
2331 1346 2689 1430 pontificem
2730 1348 2798 1413 in
2840 1341 3015 1414 cuius
3045 1347 3111 1413 id

759 1470 950 1518 manu
991 1457 1090 1518 est
1133 1455 1506 1536 apponatur.

967 1554 1162 1622 Venit
1204 1556 1286 1621 ad
1329 1558 1614 1621 nostram
1656 1552 2041 1636 presentiam
2084 1550 2485 1619 Reverendus
2528 1553 2815 1620 dominus
2840 1551 3110 1618 Thomas

767 1659 848 1725 de
893 1657 1052 1725 Cilio
1101 1664 1317 1725 orator
1357 1657 1750 1725 Serenissimi
1804 1656 2043 1723 domini
2083 1655 2489 1739 Imperatoris
2530 1659 2831 1722 venturus
2876 1655 2941 1721 in
2984 1653 3111 1720 Cu·

759 1761 920 1827 riam
963 1767 1029 1828 et
1070 1780 1146 1828 ea
1189 1761 1500 1844 exposuit,
1566 1779 1688 1843 que
1731 1759 2041 1826 contineri
2083 1759 2373 1826 videbitis
2414 1759 2483 1825 in
2524 1759 2686 1826 foleo
2725 1758 2985 1838 incluso,
3042 1757 3109 1822 in

763 1883 891 1946 quo
935 1865 1128 1931 etiam
1169 1869 1390 1930 nostra
1429 1863 1754 1945 responsio
1801 1862 2182 1942 continetur,
2245 1863 2413 1944 quod
2472 1869 2682 1929 tamen
2726 1861 2958 1928 foleum
2994 1877 3108 1926 vos

759 1967 996 2033 nemini
1059 1967 1429 2047 ostendam,
1488 1969 1602 2031 aut
1660 1966 1937 2048 aliquam
1995 1965 2077 2030 de
2132 1963 2489 2030 huiusmodi
2532 1965 2801 2032 materia
2845 1963 3109 2030 mentio-

759 2087 904 2136 nem
947 2067 1214 2150 faciatis‚
1263 2070 1448 2152 petiit
1491 2069 1656 2134 enim
1697 2075 1914 2136 orator
1955 2068 2301 2152 predictus,
2346 2073 2422 2132 ut
2462 2072 2704 2134 secreta
2748 2071 2974 2134 cuncta
3015 2069 3109 2131 te-

753 2189 1043 2238 neremus
1087 2172 1167 2238 ad
1211 2171 1500 2253 apulsum
1542 2189 1742 2253 usque
1785 2189 1971 2237 suum
2014 2171 2080 2236 in
2128 2170 2383 2249 curiam,
2428 2175 2494 2236 et
2536 2172 2618 2237 ad
2661 2171 3108 2253 expositionem

756 2293 870 2357 per
915 2292 986 2340 se
1032 2273 1399 2355 faciendam,
1460 2275 1569 2340 sed
1631 2278 1857 2340 cuncta
1918 2273 2228 2341 voluimus
2275 2273 2453 2339 vobis
2504 2277 2659 2340 nota
2700 2291 2836 2341 esse
2878 2272 2963 2340 'ad
3004 2293 3109 2340 ve-

637 2438 644 2447 .
761 2382 959 2443 stram
1000 2377 1480 2444 instructionem
1527 2381 1593 2443 et
1635 2377 1985 2443 doctrinam
2050 2394 2261 2442 rerum
2306 2376 2582 2443 omnium
2626 2376 3105 2443 occurrentium.

740 2471 983 2546 ”Es‘tote
1046 2480 1240 2563 igitur
1312 2481 1462 2563 vigil
1505 2484 1572 2547 et
1612 2485 1895 2546 attentus
1938 2484 2006 2546 et
2045 2480 2125 2545 de
2166 2480 2335 2546 omni
2377 2479 2803 2563 propositione
2841 2479 3111 2563 predicti

754 2585 1046 2667 oratoris,
1108 2584 1308 2668 deque
1375 2583 1803 2666 responsione,
1867 2602 1991 2667 que
2033 2582 2093 2650 ei
2134 2583 2279 2665 fiet3
2325 2590 2391 2651 et
2432 2584 2511 2651 de
2553 2583 2878 2650 Pontificis
2917 2587 3110 2667 atque

759 2686 1191 2755 cardinalium
1233 2693 1443 2755 mente
1489 2693 1554 2754 et
1598 2687 2024 2770 dispositione,
2072 2705 2192 2753 nos
2234 2686 2725 2754 celerantissime
2762 2686 2950 2753 facite
2976 2706 3108 2754 cer-

755 2790 983 2856 tiores:
1031 2795 1097 2857 et
1137 2790 1194 2857 si
1236 2790 1386 2873 quid
1429 2790 1592 2858 forte
1637 2790 1818 2858 vobis
1858 2809 1974 2873 per
2014 2790 2289 2872 aliquem
2325 2790 2639 2856 diceretur
2678 2790 2759 2856 de
2797 2798 3109 2858 conventu

762 2892 1114 2975 principum
1157 2890 1217 2959 fa
1225 2893 1460 2973 ciendo,
1513 2910 1625 2959 vos
1663 2898 1884 2959 nostro
1929 2893 2179 2959 nomine
2222 2892 2380 2957 nihil
2414 2890 2727 2959 affirmate
2769 2894 2849 2959 de
2888 2898 3110 2960 nostra

751 2994 1065 3076 opinione,
1133 2994 1244 3062 sed
1288 2996 1669 3079 generaliter
1713 3000 2015 3079 tanquam
2058 3014 2135 3063 ex
2176 2996 2353 3062 vobis
2397 2996 2609 3062 omnia
2666 2996 2855 3063 dicite
2899 2996 3107 3064 decla-

745 3099 962 3165 rantia
1005 3103 1315 3165 ‘nostram
1385 3099 1612 3165 bonam
1675 3098 2088 3166 intentionem
2138 3102 2205 3166 et
2260 3100 2815 3183 promptitudinem
2865 3101 2947 3168 ad
3005 3119 3111 3168 co·

752 3201 939 3269 moda
983 3200 1345 3283 christiana,
1395 3204 1463 3267 et
1504 3202 1758 3269 scribite
1799 3205 1875 3268 ut
1919 3201 2209 3284 diximuS,
2256 3208 2321 3269 et
2363 3206 2691 3286 expectate
2718 3220 3103 3288 responsum.

965 3302 1260 3371 Summus
1298 3304 1582 3389 pontifex
1623 3304 1796 3371 ultra
1834 3322 1911 3371 ea
1940 3324 2063 3388 que
2090 3324 2200 3373 vos
2226 3306 2587 3389 scripsistis,
2636 3306 2890 3389 scripsit
2916 3306 3109 3373 etiam

745 3408 834 3473 ad
881 3426 996 3473 nos
1040 3410 1326 3489 suadem,
1391 3414 1464 3476 ut
1523 3410 2008 3476 reconducemus
2058 3408 2367 3497 Comitem
2412 3409 2723 3476 Carolum.
2798 3408 3107 3474 Volumus

753 3510 968 3593 igitur,
1027 3516 1104 3578 ut
1161 3519 1388 3580 nactus
1448 3513 1985 3596 opportunitatem
2044 3513 2343 3595 temporis
2399 3518 2465 3579 et
2520 3513 2643 3579 loci
2684 3512 3108 3579 Beatitudinis

749 3632 870 3680 sue
912 3616 1028 3696 pro
1071 3616 1478 3697 responsione
1521 3616 1620 3681 sui
1664 3614 1874 3683 brevis
1920 3615 2145 3682 dicatis
2187 3616 2253 3681 in
2298 3616 2463 3682 hunc
2504 3616 2783 3683 modum:
2834 3616 3108 3682 tenuisse

750 3734 865 3781 nos
907 3717 990 3782 ad
1033 3724 1255 3785 nostra
1316 3719 1630 3803 stipendia
1697 3719 1884 3801 longo
1933 3724 2211 3801 tempore
2274 3718 2584 3786 Comitem
2642 3718 2972 3785 Carolum:
3018 3718 3107 3785 ‘et

751 3820 1010 3886 tandem
1052 3822 1506 3901 convenientes,
1550 3821 1849 3889 honestos
1892 3828 1960 3889 et
2000 3822 2384 3888 necessarios
2413 3826 2733 3906 respectus
2775 3828 2841 3889 et
2884 3838 3105 3888 causas

746 3922 1028 4005 coegisse
1071 3941 1186 3990 nos
1235 3928 1299 3989 et
1342 3924 1664 4007 impulisse
1710 3924 1793 3991 ad
1831 3924 2003 3991 illius
2062 3924 2503 3991 cassationem:
2572 3930 2639 3992 et
2700 3925 3103 3992 nihilominus

749 4042 868 4106 pro
911 4023 1301 4108 benignitate
1337 4032 1557 4091 nostra
1599 4026 1722 4093 sibi
1767 4027 2208 4094 constituimus
2277 4028 2692 4111 provisionem
2756 4028 2915 4096 bene
2961 4048 3108 4096 con-

752 4129 1106 4195 venientem
1149 4144 1292 4194 oum
1337 4146 1464 4211 qua
1503 4146 1630 4196 non
1674 4130 1876 4197 solum
1921 4132 2197 4205 comode,
2242 4131 2354 4197 sed
2398 4130 2590 4198 etiam
2637 4130 2975 4199 honorifice
3016 4131 3107 4197 vi-

747 4249 902 4296 vere
947 4233 1256 4314 potuisset
1299 4249 1489 4313 quam
1530 4231 1666 4315 ipse
1703 4233 1933 4299 renuit.
1994 4232 2082 4299 Et
2125 4232 2242 4300 hec
2285 4233 2517 4300 dixisse
2559 4233 2875 4300 sufficiant
2908 4251 3106 4319 quan-

749 4340 890 4397 tum
934 4334 1015 4399 ad
1061 4333 1369 4402 Comitem
1415 4333 1710 4400 Carolum
1753 4334 2077 4402 nobiscum
2120 4337 2372 4403 attinet.
2444 4336 2541 4403 De
2582 4336 2859 4420 periculo
2893 4343 3105 4405 autem

748 4432 1127 4503 turbationis
1169 4454 1382 4502 rerum
1425 4434 1924 4502 chrIstianarum
1966 4436 2157 4504 dicite
2201 4436 2537 4505 Sanctitati
2590 4456 2718 4521 sue,
2784 4441 2954 4521 quod
2994 4462 3106 4527 per

747 4538 866 4606 Dei
909 4540 1179 4623 gratiam
1223 4538 1410 4607 Italia
1449 4542 1548 4607 est
1591 4538 1709 4607 hoc
1753 4543 2035 4624 tempore
2099 4540 2255 4609 adeo
2312 4540 2655 4625 pacificata,
2722 4542 2879 4611 adeo
2924 4544 3105 4612 unita
