3793 5187
1902 527 1983 587 70

1723 809 2115 886 ΧΧΧΠΙ.

1168 946 1580 1016 ”ccccxl-m.
1623 947 1720 1014 die
1760 949 1844 1014 vl.
1890 948 2184 1014 Februarii
2229 953 2420 1024 (more
2462 948 2723 1024 veneto).

982 1113 1118 1180 Nos
1161 1116 1532 1181 Franciscus
1578 1115 1857 1194 Foscari,
1922 1115 2047 1180 Dei
2114 1117 2323 1197 gratia
2373 1115 2500 1181 dux
2538 1116 2948 1182 venetiarum
2992 1120 3111 1182 etc.

787 1216 1246 1282 Committimus
1312 1217 1429 1283 tibi
1485 1216 1701 1282 Nobili
1754 1218 1890 1282 viro
1946 1216 2117 1284 Luce
2183 1219 2443 1301 georgio
2500 1216 2849 1299 Capitaneo
2892 1222 3113 1283 nostro

789 1315 970 1396 Culfi,
1019 1318 1189 1398 quod
1237 1336 1376 1382 cum
1414 1316 1612 1400 galeis
1640 1319 1876 1384 nostris
1912 1317 2015 1383 hic
2044 1319 2305 1383 armatis
2342 1319 2417 1383 In
2446 1317 2718 1382 Nomine
2752 1317 2900 1383 Iesu
2932 1316 3145 1382 Chri-'

789 1419 876 1484 sti
917 1423 984 1484 et
1024 1419 1090 1484 in
1132 1420 1301 1486 bona
1343 1419 1552 1502 gratia
1613 1420 1707 1485 ire
1761 1419 1997 1486 debeas
2066 1421 2384 1504 tangendo
2442 1419 2697 1485 Iadram
2760 1419 3116 1500 quancitius

784 1523 990 1602 potes,
1017 1519 1311 1604 Corphoy
1330 1521 1498 1606 (sic),
1530 1524 1596 1587 et
1621 1521 1714 1586 illi
1738 1521 2056 1604 Regimini
2082 1526 2453 1604 presentare
2486 1521 2719 1587 debeas
2749 1520 2971 1586 literas
3002 1538 3113 1584 no-

791 1625 962 1686 stras
1007 1621 1066 1686 ei
1112 1621 1502 1702 dirrectivaS,
1571 1639 1728 1702 quas
1767 1621 1883 1686 tibi
1922 1622 2182 1688 fecimus
2222 1622 2553 1704 assignari,
2615 1621 2779 1686 Nam
2823 1621 3116 1686 iussimus

786 1740 905 1804 per
949 1724 1155 1804 ipsum
1193 1723 1500 1806 Regimen
1542 1724 1929 1806 recuperari,
1973 1728 2038 1788 et
2075 1723 2191 1788 tibi
2235 1723 2443 1790 subito
2482 1721 2621 1787 dari
2668 1721 2964 1787 denarios
2997 1740 3115 1804 pro

786 1827 1015 1905 quarta
1057 1841 1227 1906 paga
1270 1825 1480 1890 danda
1520 1823 1720 1906 galeis
1765 1825 2234 1907 suprascriptis.

991 1923 1079 1990 Et
1119 1925 1184 1990 in
1233 1925 1402 1991 dicto
1445 1925 1587 1992 loco
1636 1926 1884 1992 solicita
1927 1927 1991 1992 in
2036 1926 2221 1992 simul
2268 1944 2409 1992 cum
2450 1925 2676 1991 Baiulo
2711 1930 2931 1992 nostro
2964 1924 3119 1990 dare

787 2043 1020 2108 pagam
1063 2027 1558 2108 suprascriptam
1605 2027 1690 2092 ad
1731 2029 2071 2108 tornesios‚
2132 2031 2198 2092 et
2256 2027 2310 2092 si
2360 2026 2604 2092 denarii
2648 2044 2806 2108 quos
2852 2025 3116 2091 habebis

791 2131 1005 2191 essent
1049 2127 1115 2191 in
1160 2145 1338 2207 aur0,
1402 2146 1604 2210 pones
1657 2129 1802 2196 illos
1847 2129 1932 2194 ad
1974 2131 2259 2212 precium
2296 2147 2420 2210 quo
2468 2134 2679 2195 curret
2726 2128 2993 2194 ducatus
3036 2128 3119 2193 ad

791 2229 1127 2308 tornesioS,
1175 2233 1242 2294 et
1282 2235 1578 2312 preterea
1621 2231 1807 2312 insta,
1871 2235 1947 2296 ut
2002 2230 2159 2296 illud
2202 2231 2526 2313 Regimen,
2581 2248 2721 2296 cum
2766 2229 2935 2296 omni
2979 2229 3119 2294 dili-

791 2330 1008 2412 gentia
1048 2329 1334 2412 possibili
1378 2331 1612 2395 armari
1652 2330 1846 2396 faciat
1888 2333 2138 2414 galeam
2180 2330 2428 2411 deinde,
2494 2348 2619 2411 que
2663 2331 3120 2411 quamcelerius

791 2431 1096 2514 possibile
1139 2436 1239 2498 est
1279 2438 1348 2498 te
1391 2438 1716 2514 sequatur,
1757 2433 1923 2499 sicut
1967 2435 2026 2499 ei
2065 2434 2416 2513 scribimus,
2462 2432 2550 2498 Et
2574 2432 2627 2498 si
2655 2432 2822 2498 forte
2851 2450 2978 2498 non
3005 2430 3119 2495 ha-

795 2533 980 2599 beret
1023 2533 1252 2601 sartias
1298 2538 1365 2600 et
1407 2534 1578 2601 ferra
1620 2535 2003 2616 necessaria,
2051 2535 2151 2602 dic
2183 2541 2249 2602 et
2276 2536 2461 2617 insta,
2508 2539 2583 2601 ut
2625 2538 2963 2617 recuperet
2992 2531 3123 2599 def-

791 2635 1090 2717 ficientia,
1154 2642 1226 2701 ut
1267 2637 1492 2703 melius
1539 2637 1844 2719 possibile
1906 2638 2047 2717 erit,
2109 2644 2175 2704 et
2232 2638 2312 2703 de
2372 2636 2663 2719 navigiiS,
2709 2639 2775 2701 et
2834 2636 2915 2702 de
2968 2654 3123 2717 quo-

794 2757 1059 2821 cumque
1105 2738 1228 2803 alio
1273 2738 1428 2805 locO.
1501 2738 1589 2804 Et
1629 2739 1888 2820 insuper
1939 2739 2177 2805 debeas
2238 2738 2701 2820 quamprimum
2742 2735 3123 2820 applicueris

795 2838 1091 2922 Gorphoy
1134 2841 1379 2906 solicite
1421 2858 1540 2923 per
1575 2841 1742 2906 viam
1771 2840 2048 2920 Austrie,
2096 2840 2233 2905 sive
2260 2840 2557 2919 Patrasii,
2603 2838 2707 2905 vel
2739 2838 2930 2904 aliam
2958 2838 3125 2903 viam

795 2960 913 3024 per
957 2946 1196 3007 terram
1258 2941 1512 3007 mittere
1574 2940 1981 3023 regiminibus
2046 2940 2460 3022 Nigropontis
2522 2946 2587 3005 et
2648 2939 2951 3022 Neapolis
2994 2938 3123 3005 Ro-

793 3042 1001 3108 manie
1045 3061 1232 3108 unam
1273 3061 1528 3107 manum
1553 3042 1885 3107 literarum
1914 3046 2295 3123 nostrarum,
2344 3060 2502 3123 quas
2530 3040 2646 3107 tibi
2674 3039 2935 3107 fecimus
2966 3040 3123 3107 assi-

793 3143 994 3225 gnari,
1043 3149 1107 3208 et
1149 3148 1222 3208 ιιι
1263 3144 1454 3209 etiam
1499 3146 1590 3209 eis
1621 3143 1846 3223 scribe,
1893 3148 1968 3209 ut
2015 3143 2539 3224 quemadmodum
2570 3143 2661 3208 eis
2692 3141 2979 3207 iubemus
3009 3159 3127 3224 per

795 3245 998 3310 dictas
1040 3244 1279 3325 literaS,
1327 3243 1656 3326 quodlibet
1687 3264 1906 3311 eorum
1936 3248 2140 3309 armet
2169 3244 2417 3327 galeam
2462 3262 2658 3324 suam,
2705 3247 2771 3309 et
2810 3244 2985 3325 quod
3012 3243 3125 3308 illa

793 3345 1097 3427 Neapolis
1141 3345 1431 3411 mittatur
1493 3364 1635 3411 cum
1699 3345 2099 3410 solicitudine
2143 3344 2605 3428 Nigropontem
2650 3345 2734 3409 ad
2778 3350 3119 3427 expectan-

803 3445 950 3511 dum
993 3452 1078 3525 te,
1145 3451 1208 3511 et
1268 3446 1438 3528 quod
1497 3447 1609 3512 illa
1646 3446 2061 3529 Nigropontis
2108 3447 2295 3511 etiam
2337 3447 2421 3511 sit
2462 3446 2527 3510 in
2571 3446 2843 3528 appulsu
2885 3450 2997 3511 tuo
3044 3444 3127 3511 ad

797 3566 940 3613 eum
979 3538 1188 3614 locum
1231 3548 1297 3611 in
1343 3547 1582 3614 ordine.

991 3648 1078 3714 Et
1120 3653 1186 3713 te
1232 3648 1400 3714 dicto
1447 3649 1590 3715 loco
1637 3648 1935 3732 Corphoy
2004 3648 2253 3714 solicita
2309 3653 2378 3713 te
2434 3647 2738 3730 expedire
2800 3666 2940 3714 cum
2984 3647 3127 3713 dili-

798 3752 1014 3832 gentia
1051 3755 1116 3815 et
1161 3750 1474 3816 accellera
1513 3752 1680 3815 viam
1725 3756 1901 3815 tuam
1936 3767 2160 3814 versus
2204 3748 2593 3814 Mothonum.

995 3850 1083 3916 Et
1126 3852 1276 3932 quia
1304 3852 1516 3917 veniet
1558 3870 1750 3934 super
1789 3850 1988 3933 galeis
2018 3850 2136 3915 tibi
2166 3850 2511 3916 commissis
2542 3850 3130 3917 Reverendissimus

797 3953 1084 4019 dominus
1118 3953 1473 4019 cardinalis
1502 3954 1732 4021 Russie
1757 3954 1901 4038 (sic)
1916 3954 1999 4038 θ),
2048 3970 2233 4034 quem
2263 3970 2477 4017 sumus
2511 3952 2808 4033 contenti,
2852 3956 2926 4016 ut
2952 3952 3134 4018 leves

1001 4139 1063 4211 ὓ)
1097 4138 1350 4211 Moglby
1373 4144 1437 4195 to
1461 4139 1578 4211 by&
1612 4138 1842 4211 Izydor,
1879 4138 2054 4207 Grek,
2092 4142 2233 4209 opat
2266 4155 2309 4192 u
2332 4138 2438 4194 ἐπ.
2460 4136 2871 4193 Demetriusza
2893 4154 2951 4193 w
2974 4137 3132 4191 Kon-

795 4222 1239 4295 stantynopolu,
1284 4223 1516 4295 poiniej
1545 4222 1905 4295 arcybiskup
1930 4222 2219 4293 Moskwy,
2254 4222 2343 4277 ks.
2366 4222 2663 4293 knrdynal
2695 4239 2735 4277 u
2772 4222 2877 4278 ἐπ.
2902 4221 3127 4277 Mareo-

795 4308 920 4364 lina.
953 4308 977 4363 i
1013 4308 1118 4366 ἐπ’.
1143 4308 1348 4364 Piotra
1384 4326 1421 4363 a
1457 4307 1672 4381 biskup
1710 4306 2005 4365 Sabinski.
2040 4306 2081 4385 †
2106 4307 2255 4363 1463.
2310 4306 2426 4379 (cf.
2460 4305 2681 4377 Migne,
2715 4305 3133 4371 Dictiounaire

797 4393 902 4457 des
941 4393 1295 4458 Cardinaux.
1351 4394 1527 4473 1857),
