<?xml version="1.0" encoding="UTF-8"?>
<!DOCTYPE html PUBLIC "-//W3C//DTD XHTML 1.0 Transitional//EN"
    "http://www.w3.org/TR/xhtml1/DTD/xhtml1-transitional.dtd">
<html xmlns="http://www.w3.org/1999/xhtml" xml:lang="en" lang="en">
 <head>
  <title>
</title>
<meta http-equiv="Content-Type" content="text/html;charset=utf-8" />
  <meta name='ocr-system' content='tesseract 3.04.00' />
  <meta name='ocr-capabilities' content='ocr_page ocr_carea ocr_par ocr_line ocrx_word'/>
</head>
<body>
  <div class='ocr_page' id='page_1' title='image "./fontesrerumpolo00unkngoog_0053.png"; bbox 0 0 3793 5187; ppageno 0'>
   <div class='ocr_carea' id='block_1_1' title="bbox 1907 347 1991 416">
    <p class='ocr_par' dir='ltr' id='par_1_1' title="bbox 1907 347 1991 416">
     <span class='ocr_line' id='line_1_1' title="bbox 1907 347 1991 416; baseline 0 0"><span class='ocrx_word' id='word_1_1' title='bbox 1907 347 1991 416; x_wconf 82' lang='lat'><strong>46</strong></span> 
     </span>
    </p>
   </div>
   <div class='ocr_carea' id='block_1_2' title="bbox 1753 438 2152 446">
    <p class='ocr_par' dir='ltr' id='par_1_2' title="bbox 1753 438 2152 446">
     <span class='ocr_line' id='line_1_2' title="bbox 1753 438 2152 446; baseline 0 0"><span class='ocrx_word' id='word_1_2' title='bbox 1753 438 2152 446; x_wconf 95' lang='lat' dir='ltr'><strong> </strong></span> 
     </span>
    </p>
   </div>
   <div class='ocr_carea' id='block_1_3' title="bbox 782 551 3121 2386">
    <p class='ocr_par' dir='ltr' id='par_1_3' title="bbox 782 551 3121 2386">
     <span class='ocr_line' id='line_1_3' title="bbox 784 551 3119 637; baseline 0 -20"><span class='ocrx_word' id='word_1_3' title='bbox 784 567 898 636; x_wconf 89' lang='lat' dir='ltr'><strong>per</strong></span> <span class='ocrx_word' id='word_1_4' title='bbox 937 571 1130 620; x_wconf 85' lang='lat' dir='ltr'><strong>annos</strong></span> <span class='ocrx_word' id='word_1_5' title='bbox 1169 553 1458 637; x_wconf 89' lang='lat' dir='ltr'><strong>quinque,</strong></span> <span class='ocrx_word' id='word_1_6' title='bbox 1509 553 1576 620; x_wconf 92' lang='lat' dir='ltr'><strong>in</strong></span> <span class='ocrx_word' id='word_1_7' title='bbox 1629 554 1740 620; x_wconf 90' lang='lat' dir='ltr'><strong>illa</strong></span> <span class='ocrx_word' id='word_1_8' title='bbox 1783 553 2002 636; x_wconf 86' lang='lat' dir='ltr'><strong>forma,</strong></span> <span class='ocrx_word' id='word_1_9' title='bbox 2051 553 2271 634; x_wconf 89' lang='lat' dir='ltr'><strong>modis,</strong></span> <span class='ocrx_word' id='word_1_10' title='bbox 2334 557 2400 619; x_wconf 88' lang='lat' dir='ltr'><strong>et</strong></span> <span class='ocrx_word' id='word_1_11' title='bbox 2442 551 2915 634; x_wconf 75' lang='lat' dir='ltr'><strong>conditionibuS,</strong></span> <span class='ocrx_word' id='word_1_12' title='bbox 2980 570 3119 619; x_wconf 90' lang='lat' dir='ltr'><strong>cum</strong></span> 
     </span>
     <span class='ocr_line' id='line_1_4' title="bbox 785 654 3117 740; baseline 0 -20"><span class='ocrx_word' id='word_1_13' title='bbox 785 654 1010 737; x_wconf 87' lang='lat' dir='ltr'><strong>quibus</strong></span> <span class='ocrx_word' id='word_1_14' title='bbox 1053 661 1322 723; x_wconf 84' lang='lat' dir='ltr'><strong>tractate</strong></span> <span class='ocrx_word' id='word_1_15' title='bbox 1365 656 1634 738; x_wconf 72' lang='lat' dir='ltr'><strong>filerunt,</strong></span> <span class='ocrx_word' id='word_1_16' title='bbox 1677 662 1742 724; x_wconf 89' lang='lat' dir='ltr'><strong>et</strong></span> <span class='ocrx_word' id='word_1_17' title='bbox 1783 659 2033 740; x_wconf 78' lang='lat' dir='ltr'>scripte,</span> <span class='ocrx_word' id='word_1_18' title='bbox 2078 661 2339 740; x_wconf 86' lang='lat' dir='ltr'><strong>treugue</strong></span> <span class='ocrx_word' id='word_1_19' title='bbox 2384 657 2692 739; x_wconf 86' lang='lat' dir='ltr'><strong>praticate</strong></span> <span class='ocrx_word' id='word_1_20' title='bbox 2734 656 3117 735; x_wconf 78' lang='lat' dir='ltr'><strong>constantie,</strong></span> 
     </span>
     <span class='ocr_line' id='line_1_5' title="bbox 783 759 3119 845; baseline 0 -21"><span class='ocrx_word' id='word_1_21' title='bbox 783 777 896 840; x_wconf 87' lang='lat' dir='ltr'><strong>per</strong></span> <span class='ocrx_word' id='word_1_22' title='bbox 934 765 1182 826; x_wconf 88' lang='lat' dir='ltr'><strong>nostros</strong></span> <span class='ocrx_word' id='word_1_23' title='bbox 1242 760 1692 842; x_wconf 78' lang='lat' dir='ltr'><strong>ambaxatoreS,</strong></span> <span class='ocrx_word' id='word_1_24' title='bbox 1753 780 2021 845; x_wconf 90' lang='lat' dir='ltr'><strong>quarum</strong></span> <span class='ocrx_word' id='word_1_25' title='bbox 2082 761 2323 843; x_wconf 89' lang='lat' dir='ltr'><strong>copiam</strong></span> <span class='ocrx_word' id='word_1_26' title='bbox 2368 759 2483 826; x_wconf 88' lang='lat' dir='ltr'><strong>tibi</strong></span> <span class='ocrx_word' id='word_1_27' title='bbox 2526 760 2664 827; x_wconf 89' lang='lat' dir='ltr'><strong>dari</strong></span> <span class='ocrx_word' id='word_1_28' title='bbox 2707 759 2965 826; x_wconf 83' lang='lat' dir='ltr'><strong>fecimus</strong></span> <span class='ocrx_word' id='word_1_29' title='bbox 3006 776 3119 841; x_wconf 91' lang='lat' dir='ltr'><strong>pro</strong></span> 
     </span>
     <span class='ocr_line' id='line_1_6' title="bbox 783 862 3118 945; baseline 0 -19"><span class='ocrx_word' id='word_1_30' title='bbox 783 865 898 927; x_wconf 86' lang='lat' dir='ltr'><strong>tua</strong></span> <span class='ocrx_word' id='word_1_31' title='bbox 938 862 1389 944; x_wconf 81' lang='lat' dir='ltr'><strong>informatione,</strong></span> <span class='ocrx_word' id='word_1_32' title='bbox 1449 869 1515 929; x_wconf 90' lang='lat' dir='ltr'><strong>et</strong></span> <span class='ocrx_word' id='word_1_33' title='bbox 1566 865 1830 930; x_wconf 90' lang='lat' dir='ltr'><strong>similem</strong></span> <span class='ocrx_word' id='word_1_34' title='bbox 1891 864 2131 945; x_wconf 89' lang='lat' dir='ltr'><strong>copiam</strong></span> <span class='ocrx_word' id='word_1_35' title='bbox 2175 862 2405 928; x_wconf 88' lang='lat' dir='ltr'><strong>habere</strong></span> <span class='ocrx_word' id='word_1_36' title='bbox 2446 862 2631 929; x_wconf 89' lang='lat' dir='ltr'><strong>debet</strong></span> <span class='ocrx_word' id='word_1_37' title='bbox 2676 862 3118 928; x_wconf 88' lang='lat' dir='ltr'><strong>Serenissimus</strong></span> 
     </span>
     <span class='ocr_line' id='line_1_7' title="bbox 783 964 3117 1051; baseline -0 -20"><span class='ocrx_word' id='word_1_38' title='bbox 783 964 1070 1031; x_wconf 88' lang='lat' dir='ltr'><strong>dominus</strong></span> <span class='ocrx_word' id='word_1_39' title='bbox 1113 966 1246 1032; x_wconf 85' lang='lat' dir='ltr'><strong>Rex</strong></span> <span class='ocrx_word' id='word_1_40' title='bbox 1283 967 1702 1034; x_wconf 86' lang='lat' dir='ltr'><strong>Romanorum</strong></span> <span class='ocrx_word' id='word_1_41' title='bbox 1747 967 2081 1051; x_wconf 88' lang='lat' dir='ltr'><strong>predictus.</strong></span> <span class='ocrx_word' id='word_1_42' title='bbox 2147 966 2234 1031; x_wconf 91' lang='lat' dir='ltr'><strong>Et</strong></span> <span class='ocrx_word' id='word_1_43' title='bbox 2276 966 2356 1032; x_wconf 86' lang='lat' dir='ltr'><strong>ad</strong></span> <span class='ocrx_word' id='word_1_44' title='bbox 2399 966 2886 1032; x_wconf 90' lang='lat' dir='ltr'><strong>concludendum</strong></span> <span class='ocrx_word' id='word_1_45' title='bbox 2915 964 3117 1032; x_wconf 86' lang='lat' dir='ltr'><strong>dictas</strong></span> 
     </span>
     <span class='ocr_line' id='line_1_8' title="bbox 783 1069 3120 1153; baseline 0.001 -21"><span class='ocrx_word' id='word_1_46' title='bbox 783 1071 1078 1150; x_wconf 84' lang='lat' dir='ltr'>treuguas</span> <span class='ocrx_word' id='word_1_47' title='bbox 1120 1088 1232 1152; x_wconf 91' lang='lat' dir='ltr'><strong>per</strong></span> <span class='ocrx_word' id='word_1_48' title='bbox 1274 1088 1469 1136; x_wconf 87' lang='lat' dir='ltr'><strong>annos</strong></span> <span class='ocrx_word' id='word_1_49' title='bbox 1507 1071 1797 1153; x_wconf 89' lang='lat' dir='ltr'><strong>quinque,</strong></span> <span class='ocrx_word' id='word_1_50' title='bbox 1861 1069 2089 1136; x_wconf 78' lang='lat' dir='ltr'><strong>debeas</strong></span> <span class='ocrx_word' id='word_1_51' title='bbox 2130 1071 2426 1138; x_wconf 86' lang='lat' dir='ltr'><strong>adhibere</strong></span> <span class='ocrx_word' id='word_1_52' title='bbox 2467 1089 2712 1137; x_wconf 89' lang='lat' dir='ltr'><strong>omnem</strong></span> <span class='ocrx_word' id='word_1_53' title='bbox 2755 1089 3009 1152; x_wconf 90' lang='lat' dir='ltr'><strong>operam</strong></span> <span class='ocrx_word' id='word_1_54' title='bbox 3055 1073 3120 1135; x_wconf 87' lang='lat' dir='ltr'><strong>et</strong></span> 
     </span>
     <span class='ocr_line' id='line_1_9' title="bbox 786 1171 3117 1256; baseline 0.001 -21"><span class='ocrx_word' id='word_1_55' title='bbox 786 1171 1241 1237; x_wconf 82' lang='lat' dir='ltr'><strong>solicitudinem</strong></span> <span class='ocrx_word' id='word_1_56' title='bbox 1285 1171 1402 1237; x_wconf 88' lang='lat' dir='ltr'><strong>tibi</strong></span> <span class='ocrx_word' id='word_1_57' title='bbox 1443 1172 1816 1255; x_wconf 89' lang='lat' dir='ltr'><strong>possibilem.</strong></span> <span class='ocrx_word' id='word_1_58' title='bbox 1885 1171 2008 1238; x_wconf 88' lang='lat' dir='ltr'><strong>Sed</strong></span> <span class='ocrx_word' id='word_1_59' title='bbox 2037 1174 2184 1255; x_wconf 87' lang='lat' dir='ltr'><strong>quia</strong></span> <span class='ocrx_word' id='word_1_60' title='bbox 2212 1174 2278 1239; x_wconf 91' lang='lat' dir='ltr'><strong>in</strong></span> <span class='ocrx_word' id='word_1_61' title='bbox 2306 1174 2492 1240; x_wconf 89' lang='lat' dir='ltr'><strong>dictis</strong></span> <span class='ocrx_word' id='word_1_62' title='bbox 2521 1174 2802 1256; x_wconf 90' lang='lat' dir='ltr'><strong>treuguis</strong></span> <span class='ocrx_word' id='word_1_63' title='bbox 2830 1193 2908 1240; x_wconf 89' lang='lat' dir='ltr'><strong>ex</strong></span> <span class='ocrx_word' id='word_1_64' title='bbox 2936 1175 3117 1256; x_wconf 88' lang='lat' dir='ltr'><strong>parte</strong></span> 
     </span>
     <span class='ocr_line' id='line_1_10' title="bbox 785 1272 3119 1359; baseline 0 -21"><span class='ocrx_word' id='word_1_65' title='bbox 785 1272 1019 1340; x_wconf 90' lang='lat' dir='ltr'><strong>domini</strong></span> <span class='ocrx_word' id='word_1_66' title='bbox 1059 1274 1245 1357; x_wconf 87' lang='lat' dir='ltr'><strong>Regis</strong></span> <span class='ocrx_word' id='word_1_67' title='bbox 1287 1275 1527 1359; x_wconf 88' lang='lat' dir='ltr'><strong>positus</strong></span> <span class='ocrx_word' id='word_1_68' title='bbox 1571 1279 1685 1356; x_wconf 86' lang='lat' dir='ltr'><strong>est,</strong></span> <span class='ocrx_word' id='word_1_69' title='bbox 1748 1275 2037 1341; x_wconf 89' lang='lat' dir='ltr'><strong>dominus</strong></span> <span class='ocrx_word' id='word_1_70' title='bbox 2096 1277 2241 1341; x_wconf 88' lang='lat' dir='ltr'><strong>Dux</strong></span> <span class='ocrx_word' id='word_1_71' title='bbox 2296 1276 2653 1358; x_wconf 84' lang='lat' dir='ltr'><strong>Mediolani,</strong></span> <span class='ocrx_word' id='word_1_72' title='bbox 2710 1282 2774 1342; x_wconf 91' lang='lat' dir='ltr'><strong>et</strong></span> <span class='ocrx_word' id='word_1_73' title='bbox 2822 1295 2898 1341; x_wconf 88' lang='lat' dir='ltr'><strong>ex</strong></span> <span class='ocrx_word' id='word_1_74' title='bbox 2941 1279 3119 1358; x_wconf 88' lang='lat' dir='ltr'><strong>parte</strong></span> 
     </span>
     <span class='ocr_line' id='line_1_11' title="bbox 782 1376 3117 1462; baseline -0.001 -18"><span class='ocrx_word' id='word_1_75' title='bbox 782 1382 1000 1444; x_wconf 88' lang='lat' dir='ltr'><strong>nostra</strong></span> <span class='ocrx_word' id='word_1_76' title='bbox 1039 1379 1327 1446; x_wconf 88' lang='lat' dir='ltr'><strong>dominus</strong></span> <span class='ocrx_word' id='word_1_77' title='bbox 1372 1377 1678 1445; x_wconf 86' lang='lat' dir='ltr'><strong>Cabrinus</strong></span> <span class='ocrx_word' id='word_1_78' title='bbox 1725 1378 2029 1446; x_wconf 87' lang='lat' dir='ltr'><strong>Cremone</strong></span> <span class='ocrx_word' id='word_1_79' title='bbox 2070 1385 2187 1446; x_wconf 87' lang='lat' dir='ltr'><strong>etc.</strong></span> <span class='ocrx_word' id='word_1_80' title='bbox 2232 1380 2288 1446; x_wconf 88' lang='lat' dir='ltr'><strong>si</strong></span> <span class='ocrx_word' id='word_1_81' title='bbox 2330 1397 2518 1462; x_wconf 89' lang='lat' dir='ltr'><strong>super</strong></span> <span class='ocrx_word' id='word_1_82' title='bbox 2568 1379 2685 1445; x_wconf 91' lang='lat' dir='ltr'><strong>hoc</strong></span> <span class='ocrx_word' id='word_1_83' title='bbox 2728 1379 2979 1445; x_wconf 90' lang='lat' dir='ltr'><strong>caderet</strong></span> <span class='ocrx_word' id='word_1_84' title='bbox 3024 1376 3117 1442; x_wconf 88' lang='lat' dir='ltr'><strong>di-</strong></span> 
     </span>
     <span class='ocr_line' id='line_1_12' title="bbox 783 1481 3115 1564; baseline -0 -17"><span class='ocrx_word' id='word_1_85' title='bbox 783 1481 1049 1563; x_wconf 78' lang='lat' dir='ltr'><strong>ficultaS,</strong></span> <span class='ocrx_word' id='word_1_86' title='bbox 1088 1482 1236 1564; x_wconf 92' lang='lat' dir='ltr'><strong>quia</strong></span> <span class='ocrx_word' id='word_1_87' title='bbox 1277 1481 1563 1547; x_wconf 91' lang='lat' dir='ltr'><strong>dominus</strong></span> <span class='ocrx_word' id='word_1_88' title='bbox 1607 1482 1741 1546; x_wconf 87' lang='lat' dir='ltr'><strong>Rex</strong></span> <span class='ocrx_word' id='word_1_89' title='bbox 1782 1483 2205 1547; x_wconf 85' lang='lat' dir='ltr'><strong>Romanorum</strong></span> <span class='ocrx_word' id='word_1_90' title='bbox 2233 1483 2423 1548; x_wconf 90' lang='lat' dir='ltr'><strong>vellet</strong></span> <span class='ocrx_word' id='word_1_91' title='bbox 2463 1481 2780 1548; x_wconf 88' lang='lat' dir='ltr'><strong>includere</strong></span> <span class='ocrx_word' id='word_1_92' title='bbox 2816 1501 2893 1546; x_wconf 89' lang='lat' dir='ltr'><strong>ex</strong></span> <span class='ocrx_word' id='word_1_93' title='bbox 2935 1483 3115 1563; x_wconf 90' lang='lat' dir='ltr'><strong>parte</strong></span> 
     </span>
     <span class='ocr_line' id='line_1_13' title="bbox 784 1583 3118 1668; baseline -0.001 -17"><span class='ocrx_word' id='word_1_94' title='bbox 784 1603 902 1651; x_wconf 84' lang='lat' dir='ltr'><strong>sua</strong></span> <span class='ocrx_word' id='word_1_95' title='bbox 943 1584 1258 1650; x_wconf 91' lang='lat' dir='ltr'><strong>dominum</strong></span> <span class='ocrx_word' id='word_1_96' title='bbox 1300 1584 1536 1651; x_wconf 89' lang='lat' dir='ltr'><strong>Ducem</strong></span> <span class='ocrx_word' id='word_1_97' title='bbox 1578 1584 1937 1660; x_wconf 84' lang='lat' dir='ltr'><strong>Mediolani,</strong></span> <span class='ocrx_word' id='word_1_98' title='bbox 1990 1587 2055 1650; x_wconf 90' lang='lat' dir='ltr'><strong>et</strong></span> <span class='ocrx_word' id='word_1_99' title='bbox 2097 1584 2270 1650; x_wconf 90' lang='lat' dir='ltr'><strong>nolet</strong></span> <span class='ocrx_word' id='word_1_100' title='bbox 2312 1583 2478 1668; x_wconf 90' lang='lat' dir='ltr'><strong>quod</strong></span> <span class='ocrx_word' id='word_1_101' title='bbox 2538 1584 2961 1651; x_wconf 83' lang='lat' dir='ltr'><strong>includeretur</strong></span> <span class='ocrx_word' id='word_1_102' title='bbox 3012 1584 3118 1650; x_wconf 91' lang='lat' dir='ltr'><strong>do-</strong></span> 
     </span>
     <span class='ocr_line' id='line_1_14' title="bbox 785 1685 3121 1770; baseline -0 -18"><span class='ocrx_word' id='word_1_103' title='bbox 785 1688 989 1753; x_wconf 86' lang='lat' dir='ltr'><strong>minus</strong></span> <span class='ocrx_word' id='word_1_104' title='bbox 1037 1685 1355 1767; x_wconf 77' lang='lat' dir='ltr'><strong>cremone,</strong></span> <span class='ocrx_word' id='word_1_105' title='bbox 1419 1705 1633 1753; x_wconf 91' lang='lat' dir='ltr'><strong>sumus</strong></span> <span class='ocrx_word' id='word_1_106' title='bbox 1677 1687 1973 1769; x_wconf 84' lang='lat' dir='ltr'><strong>contenti,</strong></span> <span class='ocrx_word' id='word_1_107' title='bbox 2028 1689 2195 1770; x_wconf 91' lang='lat' dir='ltr'><strong>quod</strong></span> <span class='ocrx_word' id='word_1_108' title='bbox 2247 1690 2328 1754; x_wconf 89' lang='lat' dir='ltr'><strong>ad</strong></span> <span class='ocrx_word' id='word_1_109' title='bbox 2372 1688 2490 1754; x_wconf 90' lang='lat' dir='ltr'><strong>hoc</strong></span> <span class='ocrx_word' id='word_1_110' title='bbox 2532 1687 3003 1768; x_wconf 77' lang='lat' dir='ltr'><strong>condescendaS,</strong></span> <span class='ocrx_word' id='word_1_111' title='bbox 3046 1691 3121 1752; x_wconf 90' lang='lat' dir='ltr'><strong>ut</strong></span> 
     </span>
     <span class='ocr_line' id='line_1_15' title="bbox 787 1788 3121 1874; baseline -0 -17"><span class='ocrx_word' id='word_1_112' title='bbox 787 1788 868 1857; x_wconf 89' lang='lat' dir='ltr'><strong>ob</strong></span> <span class='ocrx_word' id='word_1_113' title='bbox 905 1789 1022 1856; x_wconf 90' lang='lat' dir='ltr'><strong>hoc</strong></span> <span class='ocrx_word' id='word_1_114' title='bbox 1063 1808 1190 1856; x_wconf 90' lang='lat' dir='ltr'><strong>non</strong></span> <span class='ocrx_word' id='word_1_115' title='bbox 1232 1793 1429 1856; x_wconf 88' lang='lat' dir='ltr'><strong>restet</strong></span> <span class='ocrx_word' id='word_1_116' title='bbox 1471 1789 1780 1856; x_wconf 90' lang='lat' dir='ltr'><strong>conclusio</strong></span> <span class='ocrx_word' id='word_1_117' title='bbox 1841 1791 2152 1857; x_wconf 82' lang='lat' dir='ltr'><strong>dictarum</strong></span> <span class='ocrx_word' id='word_1_118' title='bbox 2200 1793 2621 1874; x_wconf 88' lang='lat' dir='ltr'><strong>treuguarum.</strong></span> <span class='ocrx_word' id='word_1_119' title='bbox 2696 1790 2783 1856; x_wconf 88' lang='lat' dir='ltr'><strong>Et</strong></span> <span class='ocrx_word' id='word_1_120' title='bbox 2828 1790 2882 1857; x_wconf 88' lang='lat' dir='ltr'><strong>si</strong></span> <span class='ocrx_word' id='word_1_121' title='bbox 2918 1790 3121 1857; x_wconf 89' lang='lat' dir='ltr'><strong>dictus</strong></span> 
     </span>
     <span class='ocr_line' id='line_1_16' title="bbox 786 1893 3119 1977; baseline -0.001 -18"><span class='ocrx_word' id='word_1_122' title='bbox 786 1893 1072 1959; x_wconf 89' lang='lat' dir='ltr'><strong>dominus</strong></span> <span class='ocrx_word' id='word_1_123' title='bbox 1115 1893 1250 1959; x_wconf 85' lang='lat' dir='ltr'><strong>Rex</strong></span> <span class='ocrx_word' id='word_1_124' title='bbox 1290 1893 1456 1958; x_wconf 87' lang='lat' dir='ltr'><strong>velet</strong></span> <span class='ocrx_word' id='word_1_125' title='bbox 1491 1894 1658 1975; x_wconf 90' lang='lat' dir='ltr'><strong>quod</strong></span> <span class='ocrx_word' id='word_1_126' title='bbox 1701 1893 1882 1959; x_wconf 87' lang='lat' dir='ltr'><strong>ambo</strong></span> <span class='ocrx_word' id='word_1_127' title='bbox 1921 1893 2395 1959; x_wconf 83' lang='lat' dir='ltr'><strong>excluderentur</strong></span> <span class='ocrx_word' id='word_1_128' title='bbox 2435 1912 2475 1960; x_wconf 89' lang='lat' dir='ltr'><strong>a</strong></span> <span class='ocrx_word' id='word_1_129' title='bbox 2517 1895 2795 1977; x_wconf 91' lang='lat' dir='ltr'><strong>treuguis</strong></span> <span class='ocrx_word' id='word_1_130' title='bbox 2824 1893 3119 1976; x_wconf 86' lang='lat' dir='ltr'><strong>predictis</strong></span> 
     </span>
     <span class='ocr_line' id='line_1_17' title="bbox 787 1993 3120 2078; baseline -0.001 -16"><span class='ocrx_word' id='word_1_131' title='bbox 787 2015 1000 2062; x_wconf 85' lang='lat' dir='ltr'><strong>sumus</strong></span> <span class='ocrx_word' id='word_1_132' title='bbox 1041 1994 1335 2076; x_wconf 89' lang='lat' dir='ltr'><strong>contenti,</strong></span> <span class='ocrx_word' id='word_1_133' title='bbox 1400 1996 1567 2078; x_wconf 90' lang='lat' dir='ltr'><strong>quod</strong></span> <span class='ocrx_word' id='word_1_134' title='bbox 1611 1993 1791 2061; x_wconf 86' lang='lat' dir='ltr'><strong>ambo</strong></span> <span class='ocrx_word' id='word_1_135' title='bbox 1835 1996 2259 2062; x_wconf 82' lang='lat' dir='ltr'><strong>excludantur.</strong></span> <span class='ocrx_word' id='word_1_136' title='bbox 2327 1996 2562 2062; x_wconf 89' lang='lat' dir='ltr'><strong>Verum</strong></span> <span class='ocrx_word' id='word_1_137' title='bbox 2606 1996 2908 2077; x_wconf 84' lang='lat' dir='ltr'><strong>volumus,</strong></span> <span class='ocrx_word' id='word_1_138' title='bbox 2954 1994 3120 2078; x_wconf 92' lang='lat' dir='ltr'><strong>quod</strong></span> 
     </span>
     <span class='ocr_line' id='line_1_18' title="bbox 785 2096 3119 2180; baseline -0.001 -16"><span class='ocrx_word' id='word_1_139' title='bbox 785 2099 849 2164; x_wconf 88' lang='lat' dir='ltr'><strong>in</strong></span> <span class='ocrx_word' id='word_1_140' title='bbox 894 2098 1078 2163; x_wconf 88' lang='lat' dir='ltr'><strong>dictis</strong></span> <span class='ocrx_word' id='word_1_141' title='bbox 1135 2096 1413 2180; x_wconf 85' lang='lat' dir='ltr'><strong>treuguis</strong></span> <span class='ocrx_word' id='word_1_142' title='bbox 1464 2101 1735 2180; x_wconf 89' lang='lat' dir='ltr'><strong>ponatur</strong></span> <span class='ocrx_word' id='word_1_143' title='bbox 1777 2116 1854 2164; x_wconf 91' lang='lat' dir='ltr'><strong>ex</strong></span> <span class='ocrx_word' id='word_1_144' title='bbox 1898 2101 2078 2180; x_wconf 83' lang='lat' dir='ltr'><strong>parte</strong></span> <span class='ocrx_word' id='word_1_145' title='bbox 2130 2101 2348 2165; x_wconf 84' lang='lat' dir='ltr'><strong>nostra</strong></span> <span class='ocrx_word' id='word_1_146' title='bbox 2404 2097 2768 2164; x_wconf 86' lang='lat' dir='ltr'><strong>Comunitas</strong></span> <span class='ocrx_word' id='word_1_147' title='bbox 2830 2097 3119 2163; x_wconf 87' lang='lat' dir='ltr'><strong>Civitatis</strong></span> 
     </span>
     <span class='ocr_line' id='line_1_19' title="bbox 784 2200 3120 2286; baseline -0 -19"><span class='ocrx_word' id='word_1_148' title='bbox 784 2201 1056 2282; x_wconf 87' lang='lat' dir='ltr'><strong>Austrie,</strong></span> <span class='ocrx_word' id='word_1_149' title='bbox 1104 2201 1254 2283; x_wconf 86' lang='lat' dir='ltr'><strong>quia</strong></span> <span class='ocrx_word' id='word_1_150' title='bbox 1301 2200 1391 2266; x_wconf 91' lang='lat' dir='ltr'><strong>sic</strong></span> <span class='ocrx_word' id='word_1_151' title='bbox 1431 2201 1599 2267; x_wconf 87' lang='lat' dir='ltr'><strong>dicte</strong></span> <span class='ocrx_word' id='word_1_152' title='bbox 1653 2200 2019 2267; x_wconf 85' lang='lat' dir='ltr'><strong>comunitati</strong></span> <span class='ocrx_word' id='word_1_153' title='bbox 2062 2202 2476 2284; x_wconf 82' lang='lat' dir='ltr'><strong>promisimuS‚</strong></span> <span class='ocrx_word' id='word_1_154' title='bbox 2520 2221 2633 2286; x_wconf 85' lang='lat' dir='ltr'><strong>per</strong></span> <span class='ocrx_word' id='word_1_155' title='bbox 2674 2220 2890 2286; x_wconf 86' lang='lat' dir='ltr'><strong>pacem</strong></span> <span class='ocrx_word' id='word_1_156' title='bbox 2933 2218 3120 2285; x_wconf 90' lang='lat' dir='ltr'><strong>quam</strong></span> 
     </span>
     <span class='ocr_line' id='line_1_20' title="bbox 783 2302 2115 2386; baseline -0.001 -16"><span class='ocrx_word' id='word_1_157' title='bbox 783 2321 982 2386; x_wconf 90' lang='lat' dir='ltr'><strong>nuper</strong></span> <span class='ocrx_word' id='word_1_158' title='bbox 1021 2321 1161 2370; x_wconf 91' lang='lat' dir='ltr'><strong>cum</strong></span> <span class='ocrx_word' id='word_1_159' title='bbox 1204 2302 1375 2369; x_wconf 89' lang='lat' dir='ltr'><strong>dicta</strong></span> <span class='ocrx_word' id='word_1_160' title='bbox 1419 2303 1799 2370; x_wconf 81' lang='lat' dir='ltr'><strong>comunitate</strong></span> <span class='ocrx_word' id='word_1_161' title='bbox 1839 2302 2115 2369; x_wconf 78' lang='lat' dir='ltr'><strong>fecimus,</strong></span> 
     </span>
    </p>
   </div>
   <div class='ocr_carea' id='block_1_4' title="bbox 783 2457 3121 3779">
    <p class='ocr_par' dir='ltr' id='par_1_4' title="bbox 783 2457 3121 3779">
     <span class='ocr_line' id='line_1_21' title="bbox 987 2457 3121 2542; baseline -0.001 -17"><span class='ocrx_word' id='word_1_162' title='bbox 987 2459 1244 2539; x_wconf 88' lang='lat' dir='ltr'><strong>Quando</strong></span> <span class='ocrx_word' id='word_1_163' title='bbox 1297 2462 1506 2524; x_wconf 90' lang='lat' dir='ltr'><strong>autem</strong></span> <span class='ocrx_word' id='word_1_164' title='bbox 1564 2458 1764 2524; x_wconf 81' lang='lat' dir='ltr'><strong>dictas</strong></span> <span class='ocrx_word' id='word_1_165' title='bbox 1825 2461 2119 2542; x_wconf 82' lang='lat' dir='ltr'><strong>treuguas</strong></span> <span class='ocrx_word' id='word_1_166' title='bbox 2162 2457 2445 2524; x_wconf 89' lang='lat' dir='ltr'><strong>obtinere</strong></span> <span class='ocrx_word' id='word_1_167' title='bbox 2502 2477 2628 2524; x_wconf 93' lang='lat' dir='ltr'><strong>non</strong></span> <span class='ocrx_word' id='word_1_168' title='bbox 2680 2477 2912 2542; x_wconf 86' lang='lat' dir='ltr'><strong>posses,</strong></span> <span class='ocrx_word' id='word_1_169' title='bbox 2974 2459 3121 2542; x_wconf 89' lang='lat' dir='ltr'><strong>quia</strong></span> 
     </span>
     <span class='ocr_line' id='line_1_22' title="bbox 783 2560 3117 2645; baseline -0.002 -15"><span class='ocrx_word' id='word_1_170' title='bbox 783 2563 942 2631; x_wconf 83' lang='lat' dir='ltr'><strong>alias</strong></span> <span class='ocrx_word' id='word_1_171' title='bbox 983 2561 1104 2629; x_wconf 84' lang='lat' dir='ltr'><strong>fuit</strong></span> <span class='ocrx_word' id='word_1_172' title='bbox 1147 2560 1313 2629; x_wconf 89' lang='lat' dir='ltr'><strong>facta</strong></span> <span class='ocrx_word' id='word_1_173' title='bbox 1356 2561 1651 2645; x_wconf 87' lang='lat' dir='ltr'><strong>obligatio</strong></span> <span class='ocrx_word' id='word_1_174' title='bbox 1694 2561 2014 2644; x_wconf 88' lang='lat' dir='ltr'><strong>galearum</strong></span> <span class='ocrx_word' id='word_1_175' title='bbox 2072 2566 2427 2628; x_wconf 85' lang='lat' dir='ltr'><strong>nostrarum</strong></span> <span class='ocrx_word' id='word_1_176' title='bbox 2469 2562 2535 2628; x_wconf 90' lang='lat' dir='ltr'><strong>in</strong></span> <span class='ocrx_word' id='word_1_177' title='bbox 2578 2561 2922 2629; x_wconf 89' lang='lat' dir='ltr'><strong>subsidium</strong></span> <span class='ocrx_word' id='word_1_178' title='bbox 2966 2561 3117 2629; x_wconf 90' lang='lat' dir='ltr'><strong>dicti</strong></span> 
     </span>
     <span class='ocr_line' id='line_1_23' title="bbox 786 2665 3115 2750; baseline -0.001 -17"><span class='ocrx_word' id='word_1_179' title='bbox 786 2666 975 2750; x_wconf 80' lang='lat' dir='ltr'><strong>Regis</strong></span> <span class='ocrx_word' id='word_1_180' title='bbox 1018 2669 1236 2733; x_wconf 87' lang='lat' dir='ltr'><strong>contra</strong></span> <span class='ocrx_word' id='word_1_181' title='bbox 1272 2665 1568 2748; x_wconf 77' lang='lat' dir='ltr'><strong>TurchOS,</strong></span> <span class='ocrx_word' id='word_1_182' title='bbox 1624 2669 1689 2732; x_wconf 88' lang='lat' dir='ltr'><strong>et</strong></span> <span class='ocrx_word' id='word_1_183' title='bbox 1745 2665 1822 2731; x_wconf 93' lang='lat' dir='ltr'><strong>de</strong></span> <span class='ocrx_word' id='word_1_184' title='bbox 1878 2666 1995 2731; x_wconf 87' lang='lat' dir='ltr'><strong>tali</strong></span> <span class='ocrx_word' id='word_1_185' title='bbox 2050 2666 2326 2732; x_wconf 89' lang='lat' dir='ltr'><strong>subsidio</strong></span> <span class='ocrx_word' id='word_1_186' title='bbox 2386 2670 2741 2733; x_wconf 87' lang='lat' dir='ltr'><strong>nostrarum</strong></span> <span class='ocrx_word' id='word_1_187' title='bbox 2780 2667 3115 2750; x_wconf 82' lang='lat' dir='ltr'><strong>galearum,</strong></span> 
     </span>
     <span class='ocr_line' id='line_1_24' title="bbox 784 2767 3117 2853; baseline -0 -18"><span class='ocrx_word' id='word_1_188' title='bbox 784 2769 900 2835; x_wconf 88' lang='lat' dir='ltr'><strong>tibi</strong></span> <span class='ocrx_word' id='word_1_189' title='bbox 944 2768 1120 2835; x_wconf 88' lang='lat' dir='ltr'><strong>fieret</strong></span> <span class='ocrx_word' id='word_1_190' title='bbox 1161 2769 1374 2851; x_wconf 85' lang='lat' dir='ltr'><strong>aliqua</strong></span> <span class='ocrx_word' id='word_1_191' title='bbox 1407 2769 1653 2853; x_wconf 86' lang='lat' dir='ltr'><strong>petici0‚</strong></span> <span class='ocrx_word' id='word_1_192' title='bbox 1697 2774 1772 2834; x_wconf 91' lang='lat' dir='ltr'><strong>ut</strong></span> <span class='ocrx_word' id='word_1_193' title='bbox 1809 2767 1889 2834; x_wconf 93' lang='lat' dir='ltr'><strong>ob</strong></span> <span class='ocrx_word' id='word_1_194' title='bbox 1932 2769 2049 2835; x_wconf 92' lang='lat' dir='ltr'><strong>hoc</strong></span> <span class='ocrx_word' id='word_1_195' title='bbox 2090 2788 2215 2834; x_wconf 92' lang='lat' dir='ltr'><strong>non</strong></span> <span class='ocrx_word' id='word_1_196' title='bbox 2244 2773 2440 2836; x_wconf 88' lang='lat' dir='ltr'><strong>restet</strong></span> <span class='ocrx_word' id='word_1_197' title='bbox 2469 2770 2779 2836; x_wconf 90' lang='lat' dir='ltr'><strong>conclusio</strong></span> <span class='ocrx_word' id='word_1_198' title='bbox 2808 2771 3117 2837; x_wconf 87' lang='lat' dir='ltr'><strong>dictarum</strong></span> 
     </span>
     <span class='ocr_line' id='line_1_25' title="bbox 784 2871 3121 2957; baseline 0.001 -20"><span class='ocrx_word' id='word_1_199' title='bbox 784 2876 1207 2955; x_wconf 73' lang='lat' dir='ltr'><strong>treuguam,</strong></span> <span class='ocrx_word' id='word_1_200' title='bbox 1252 2872 1471 2939; x_wconf 89' lang='lat' dir='ltr'><strong>damus</strong></span> <span class='ocrx_word' id='word_1_201' title='bbox 1516 2871 1631 2938; x_wconf 90' lang='lat' dir='ltr'><strong>tibi</strong></span> <span class='ocrx_word' id='word_1_202' title='bbox 1674 2871 2027 2938; x_wconf 87' lang='lat' dir='ltr'><strong>libertatem</strong></span> <span class='ocrx_word' id='word_1_203' title='bbox 2056 2873 2345 2955; x_wconf 89' lang='lat' dir='ltr'><strong>possendi</strong></span> <span class='ocrx_word' id='word_1_204' title='bbox 2380 2874 2743 2955; x_wconf 87' lang='lat' dir='ltr'><strong>promittere</strong></span> <span class='ocrx_word' id='word_1_205' title='bbox 2770 2874 2937 2941; x_wconf 84' lang='lat' dir='ltr'><strong>dicto</strong></span> <span class='ocrx_word' id='word_1_206' title='bbox 2964 2873 3121 2957; x_wconf 85' lang='lat' dir='ltr'><strong>Regi</strong></span> 
     </span>
     <span class='ocr_line' id='line_1_26' title="bbox 785 2974 3119 3059; baseline -0 -17"><span class='ocrx_word' id='word_1_207' title='bbox 785 2995 828 3042; x_wconf 86' lang='lat' dir='ltr'><strong>a</strong></span> <span class='ocrx_word' id='word_1_208' title='bbox 867 2994 978 3042; x_wconf 89' lang='lat' dir='ltr'><strong>sex</strong></span> <span class='ocrx_word' id='word_1_209' title='bbox 1034 2994 1231 3058; x_wconf 87' lang='lat' dir='ltr'><strong>usque</strong></span> <span class='ocrx_word' id='word_1_210' title='bbox 1285 2976 1497 3043; x_wconf 89' lang='lat' dir='ltr'><strong>decem</strong></span> <span class='ocrx_word' id='word_1_211' title='bbox 1553 2974 1762 3058; x_wconf 86' lang='lat' dir='ltr'><strong>galeas</strong></span> <span class='ocrx_word' id='word_1_212' title='bbox 1818 2979 2113 3055; x_wconf 80' lang='lat' dir='ltr'><strong>amataS,</strong></span> <span class='ocrx_word' id='word_1_213' title='bbox 2172 2974 2471 3041; x_wconf 85' lang='lat' dir='ltr'><strong>tenendas</strong></span> <span class='ocrx_word' id='word_1_214' title='bbox 2526 2976 2760 3041; x_wconf 85' lang='lat' dir='ltr'><strong>nostris</strong></span> <span class='ocrx_word' id='word_1_215' title='bbox 2817 2977 3119 3059; x_wconf 81' lang='lat' dir='ltr'><strong>expensiS,</strong></span> 
     </span>
     <span class='ocr_line' id='line_1_27' title="bbox 785 3077 3120 3161; baseline -0 -17"><span class='ocrx_word' id='word_1_216' title='bbox 785 3084 1006 3145; x_wconf 89' lang='lat' dir='ltr'><strong>contra</strong></span> <span class='ocrx_word' id='word_1_217' title='bbox 1048 3078 1339 3158; x_wconf 86' lang='lat' dir='ltr'><strong>Turchos‚</strong></span> <span class='ocrx_word' id='word_1_218' title='bbox 1387 3078 1454 3142; x_wconf 90' lang='lat' dir='ltr'><strong>in</strong></span> <span class='ocrx_word' id='word_1_219' title='bbox 1489 3077 1833 3143; x_wconf 88' lang='lat' dir='ltr'><strong>subsidium</strong></span> <span class='ocrx_word' id='word_1_220' title='bbox 1875 3077 2029 3142; x_wconf 91' lang='lat' dir='ltr'><strong>dicti</strong></span> <span class='ocrx_word' id='word_1_221' title='bbox 2070 3077 2305 3143; x_wconf 86' lang='lat' dir='ltr'><strong>domini</strong></span> <span class='ocrx_word' id='word_1_222' title='bbox 2348 3077 2551 3160; x_wconf 81' lang='lat' dir='ltr'><strong>RegiS,</strong></span> <span class='ocrx_word' id='word_1_223' title='bbox 2598 3078 2847 3161; x_wconf 87' lang='lat' dir='ltr'><strong>quando</strong></span> <span class='ocrx_word' id='word_1_224' title='bbox 2891 3078 3120 3144; x_wconf 91' lang='lat' dir='ltr'><strong>erimus</strong></span> 
     </span>
     <span class='ocr_line' id='line_1_28' title="bbox 786 3179 3119 3264; baseline -0.001 -16"><span class='ocrx_word' id='word_1_225' title='bbox 786 3181 1128 3263; x_wconf 88' lang='lat' dir='ltr'><strong>certificati,</strong></span> <span class='ocrx_word' id='word_1_226' title='bbox 1175 3181 1342 3264; x_wconf 91' lang='lat' dir='ltr'><strong>quod</strong></span> <span class='ocrx_word' id='word_1_227' title='bbox 1385 3199 1524 3246; x_wconf 90' lang='lat' dir='ltr'><strong>cum</strong></span> <span class='ocrx_word' id='word_1_228' title='bbox 1567 3180 1811 3263; x_wconf 89' lang='lat' dir='ltr'><strong>potenti</strong></span> <span class='ocrx_word' id='word_1_229' title='bbox 1853 3180 2131 3246; x_wconf 85' lang='lat' dir='ltr'><strong>exercitu</strong></span> <span class='ocrx_word' id='word_1_230' title='bbox 2171 3179 2465 3246; x_wconf 88' lang='lat' dir='ltr'><strong>receserit</strong></span> <span class='ocrx_word' id='word_1_231' title='bbox 2506 3180 2585 3245; x_wconf 91' lang='lat' dir='ltr'><strong>de</strong></span> <span class='ocrx_word' id='word_1_232' title='bbox 2626 3180 2913 3261; x_wconf 87' lang='lat' dir='ltr'><strong>partibus</strong></span> <span class='ocrx_word' id='word_1_233' title='bbox 2940 3179 3119 3246; x_wconf 91' lang='lat' dir='ltr'><strong>Hun-</strong></span> 
     </span>
     <span class='ocr_line' id='line_1_29' title="bbox 785 3281 3120 3367; baseline -0.001 -18"><span class='ocrx_word' id='word_1_234' title='bbox 785 3284 975 3367; x_wconf 88' lang='lat' dir='ltr'><strong>garie,</strong></span> <span class='ocrx_word' id='word_1_235' title='bbox 1037 3287 1102 3350; x_wconf 93' lang='lat' dir='ltr'><strong>et</strong></span> <span class='ocrx_word' id='word_1_236' title='bbox 1144 3284 1266 3349; x_wconf 88' lang='lat' dir='ltr'><strong>erit</strong></span> <span class='ocrx_word' id='word_1_237' title='bbox 1308 3301 1448 3349; x_wconf 91' lang='lat' dir='ltr'><strong>cum</strong></span> <span class='ocrx_word' id='word_1_238' title='bbox 1491 3283 1662 3349; x_wconf 90' lang='lat' dir='ltr'><strong>dicto</strong></span> <span class='ocrx_word' id='word_1_239' title='bbox 1709 3301 1822 3348; x_wconf 90' lang='lat' dir='ltr'><strong>suo</strong></span> <span class='ocrx_word' id='word_1_240' title='bbox 1865 3282 2161 3363; x_wconf 87' lang='lat' dir='ltr'><strong>exercitu,</strong></span> <span class='ocrx_word' id='word_1_241' title='bbox 2222 3282 2288 3348; x_wconf 90' lang='lat' dir='ltr'><strong>in</strong></span> <span class='ocrx_word' id='word_1_242' title='bbox 2349 3281 2631 3364; x_wconf 87' lang='lat' dir='ltr'><strong>partibus</strong></span> <span class='ocrx_word' id='word_1_243' title='bbox 2674 3281 2993 3363; x_wconf 88' lang='lat' dir='ltr'><strong>Romanie,</strong></span> <span class='ocrx_word' id='word_1_244' title='bbox 3055 3286 3120 3347; x_wconf 89' lang='lat' dir='ltr'><strong>et</strong></span> 
     </span>
     <span class='ocr_line' id='line_1_30' title="bbox 787 3384 3120 3469; baseline -0.001 -17"><span class='ocrx_word' id='word_1_245' title='bbox 787 3386 957 3469; x_wconf 89' lang='lat' dir='ltr'><strong>ipsas</strong></span> <span class='ocrx_word' id='word_1_246' title='bbox 995 3386 1060 3452; x_wconf 91' lang='lat' dir='ltr'><strong>in</strong></span> <span class='ocrx_word' id='word_1_247' title='bbox 1107 3386 1332 3452; x_wconf 86' lang='lat' dir='ltr'><strong>strictu</strong></span> <span class='ocrx_word' id='word_1_248' title='bbox 1369 3385 1674 3452; x_wconf 90' lang='lat' dir='ltr'><strong>Romanie</strong></span> <span class='ocrx_word' id='word_1_249' title='bbox 1730 3388 1943 3451; x_wconf 88' lang='lat' dir='ltr'><strong>tenere</strong></span> <span class='ocrx_word' id='word_1_250' title='bbox 1984 3385 2067 3451; x_wconf 92' lang='lat' dir='ltr'><strong>ad</strong></span> <span class='ocrx_word' id='word_1_251' title='bbox 2110 3384 2570 3467; x_wconf 88' lang='lat' dir='ltr'><strong>oppressionem</strong></span> <span class='ocrx_word' id='word_1_252' title='bbox 2614 3384 2923 3451; x_wconf 89' lang='lat' dir='ltr'><strong>dictorum</strong></span> <span class='ocrx_word' id='word_1_253' title='bbox 2965 3384 3120 3450; x_wconf 86' lang='lat' dir='ltr'><strong>Tur-</strong></span> 
     </span>
     <span class='ocr_line' id='line_1_31' title="bbox 785 3485 3119 3570; baseline -0.002 -14"><span class='ocrx_word' id='word_1_254' title='bbox 785 3490 1058 3570; x_wconf 88' lang='lat' dir='ltr'><strong>ch‘orum,</strong></span> <span class='ocrx_word' id='word_1_255' title='bbox 1105 3492 1284 3554; x_wconf 88' lang='lat' dir='ltr'><strong>tanto</strong></span> <span class='ocrx_word' id='word_1_256' title='bbox 1325 3493 1618 3570; x_wconf 91' lang='lat' dir='ltr'><strong>tempore,</strong></span> <span class='ocrx_word' id='word_1_257' title='bbox 1667 3490 1903 3569; x_wconf 90' lang='lat' dir='ltr'><strong>quanto</strong></span> <span class='ocrx_word' id='word_1_258' title='bbox 1946 3487 2012 3551; x_wconf 91' lang='lat' dir='ltr'><strong>in</strong></span> <span class='ocrx_word' id='word_1_259' title='bbox 2048 3486 2232 3553; x_wconf 85' lang='lat' dir='ltr'><strong>dictis</strong></span> <span class='ocrx_word' id='word_1_260' title='bbox 2263 3485 2547 3569; x_wconf 89' lang='lat' dir='ltr'><strong>partibus</strong></span> <span class='ocrx_word' id='word_1_261' title='bbox 2576 3485 2878 3552; x_wconf 83' lang='lat' dir='ltr'><strong>Romanie</strong></span> <span class='ocrx_word' id='word_1_262' title='bbox 2906 3486 3119 3569; x_wconf 89' lang='lat' dir='ltr'><strong>stabit,</strong></span> 
     </span>
     <span class='ocr_line' id='line_1_32' title="bbox 785 3588 3120 3673; baseline -0.002 -15"><span class='ocrx_word' id='word_1_263' title='bbox 785 3610 925 3658; x_wconf 92' lang='lat' dir='ltr'><strong>cum</strong></span> <span class='ocrx_word' id='word_1_264' title='bbox 968 3590 1244 3657; x_wconf 87' lang='lat' dir='ltr'><strong>exercitu</strong></span> <span class='ocrx_word' id='word_1_265' title='bbox 1287 3608 1417 3656; x_wconf 90' lang='lat' dir='ltr'><strong>suo.</strong></span> <span class='ocrx_word' id='word_1_266' title='bbox 1485 3590 1574 3654; x_wconf 89' lang='lat' dir='ltr'><strong>Et</strong></span> <span class='ocrx_word' id='word_1_267' title='bbox 1617 3589 1783 3673; x_wconf 91' lang='lat' dir='ltr'><strong>quod</strong></span> <span class='ocrx_word' id='word_1_268' title='bbox 1824 3588 1939 3655; x_wconf 92' lang='lat' dir='ltr'><strong>hec</strong></span> <span class='ocrx_word' id='word_1_269' title='bbox 1979 3592 2197 3655; x_wconf 84' lang='lat' dir='ltr'><strong>nostra</strong></span> <span class='ocrx_word' id='word_1_270' title='bbox 2254 3588 2581 3671; x_wconf 88' lang='lat' dir='ltr'><strong>promissio</strong></span> <span class='ocrx_word' id='word_1_271' title='bbox 2639 3588 2869 3655; x_wconf 87' lang='lat' dir='ltr'><strong>habeat</strong></span> <span class='ocrx_word' id='word_1_272' title='bbox 2917 3588 3120 3656; x_wconf 90' lang='lat' dir='ltr'><strong>locum</strong></span> 
     </span>
     <span class='ocr_line' id='line_1_33' title="bbox 784 3692 2508 3779; baseline -0.002 -19"><span class='ocrx_word' id='word_1_273' title='bbox 784 3714 912 3761; x_wconf 88' lang='lat' dir='ltr'><strong>una</strong></span> <span class='ocrx_word' id='word_1_274' title='bbox 951 3694 1086 3761; x_wconf 83' lang='lat' dir='ltr'><strong>vice</strong></span> <span class='ocrx_word' id='word_1_275' title='bbox 1127 3696 1375 3760; x_wconf 86' lang='lat' dir='ltr'><strong>tantum</strong></span> <span class='ocrx_word' id='word_1_276' title='bbox 1418 3695 1696 3774; x_wconf 88' lang='lat' dir='ltr'><strong>tempore</strong></span> <span class='ocrx_word' id='word_1_277' title='bbox 1741 3692 2049 3759; x_wconf 87' lang='lat' dir='ltr'><strong>dictarum</strong></span> <span class='ocrx_word' id='word_1_278' title='bbox 2087 3696 2508 3779; x_wconf 78' lang='lat' dir='ltr'><strong>treuguarum.</strong></span> 
     </span>
    </p>
   </div>
   <div class='ocr_carea' id='block_1_5' title="bbox 782 3844 3123 4347">
    <p class='ocr_par' dir='ltr' id='par_1_5' title="bbox 782 3844 3123 4347">
     <span class='ocr_line' id='line_1_34' title="bbox 986 3844 3119 3931; baseline -0 -16"><span class='ocrx_word' id='word_1_279' title='bbox 986 3849 1250 3931; x_wconf 89' lang='lat' dir='ltr'><strong>Insuper</strong></span> <span class='ocrx_word' id='word_1_280' title='bbox 1293 3846 1442 3931; x_wconf 90' lang='lat' dir='ltr'><strong>quia</strong></span> <span class='ocrx_word' id='word_1_281' title='bbox 1481 3846 1688 3914; x_wconf 88' lang='lat' dir='ltr'><strong>dictus</strong></span> <span class='ocrx_word' id='word_1_282' title='bbox 1729 3846 2016 3913; x_wconf 90' lang='lat' dir='ltr'><strong>dominus</strong></span> <span class='ocrx_word' id='word_1_283' title='bbox 2059 3845 2196 3912; x_wconf 85' lang='lat' dir='ltr'><strong>Rex</strong></span> <span class='ocrx_word' id='word_1_284' title='bbox 2237 3845 2393 3911; x_wconf 86' lang='lat' dir='ltr'><strong>alias</strong></span> <span class='ocrx_word' id='word_1_285' title='bbox 2433 3844 2981 3914; x_wconf 85' lang='lat' dir='ltr'><strong>ambassiatoribus</strong></span> <span class='ocrx_word' id='word_1_286' title='bbox 3011 3866 3119 3913; x_wconf 91' lang='lat' dir='ltr'><strong>no-</strong></span> 
     </span>
     <span class='ocr_line' id='line_1_35' title="bbox 785 3947 3121 4034; baseline -0.001 -15"><span class='ocrx_word' id='word_1_287' title='bbox 785 3950 935 4019; x_wconf 85' lang='lat' dir='ltr'><strong>stris</strong></span> <span class='ocrx_word' id='word_1_288' title='bbox 977 3950 1044 4017; x_wconf 95' lang='lat' dir='ltr'><strong>in</strong></span> <span class='ocrx_word' id='word_1_289' title='bbox 1085 3950 1372 4034; x_wconf 90' lang='lat' dir='ltr'><strong>partibus</strong></span> <span class='ocrx_word' id='word_1_290' title='bbox 1415 3948 1783 4015; x_wconf 87' lang='lat' dir='ltr'><strong>Constantie</strong></span> <span class='ocrx_word' id='word_1_291' title='bbox 1837 3947 2119 4031; x_wconf 85' lang='lat' dir='ltr'><strong>porrexit</strong></span> <span class='ocrx_word' id='word_1_292' title='bbox 2181 3947 2457 4031; x_wconf 87' lang='lat' dir='ltr'><strong>capitula</strong></span> <span class='ocrx_word' id='word_1_293' title='bbox 2510 3951 2800 4031; x_wconf 89' lang='lat' dir='ltr'><strong>quatuor,</strong></span> <span class='ocrx_word' id='word_1_294' title='bbox 2863 3967 2985 4031; x_wconf 89' lang='lat' dir='ltr'><strong>que</strong></span> <span class='ocrx_word' id='word_1_295' title='bbox 3025 3969 3121 4017; x_wconf 89' lang='lat' dir='ltr'><strong>re-</strong></span> 
     </span>
     <span class='ocr_line' id='line_1_36' title="bbox 783 4049 3123 4135; baseline -0.002 -14"><span class='ocrx_word' id='word_1_296' title='bbox 783 4054 1208 4135; x_wconf 86' lang='lat' dir='ltr'><strong>formavimus,</strong></span> <span class='ocrx_word' id='word_1_297' title='bbox 1254 4057 1319 4119; x_wconf 88' lang='lat' dir='ltr'><strong>et</strong></span> <span class='ocrx_word' id='word_1_298' title='bbox 1363 4052 1476 4118; x_wconf 86' lang='lat' dir='ltr'><strong>illa</strong></span> <span class='ocrx_word' id='word_1_299' title='bbox 1519 4050 1939 4117; x_wconf 90' lang='lat' dir='ltr'><strong>commisimus</strong></span> <span class='ocrx_word' id='word_1_300' title='bbox 1982 4049 2511 4117; x_wconf 85' lang='lat' dir='ltr'><strong>ambaxiatoribus</strong></span> <span class='ocrx_word' id='word_1_301' title='bbox 2553 4051 2805 4130; x_wconf 79' lang='lat' dir='ltr'><strong>nostriS,</strong></span> <span class='ocrx_word' id='word_1_302' title='bbox 2850 4053 2959 4135; x_wconf 87' lang='lat' dir='ltr'><strong>qui</strong></span> <span class='ocrx_word' id='word_1_303' title='bbox 2996 4053 3123 4118; x_wconf 85' lang='lat' dir='ltr'><strong>ive-</strong></span> 
     </span>
     <span class='ocr_line' id='line_1_37' title="bbox 782 4153 3119 4241; baseline -0.003 -15"><span class='ocrx_word' id='word_1_304' title='bbox 782 4163 934 4226; x_wconf 91' lang='lat' dir='ltr'><strong>runt</strong></span> <span class='ocrx_word' id='word_1_305' title='bbox 990 4159 1073 4225; x_wconf 92' lang='lat' dir='ltr'><strong>ad</strong></span> <span class='ocrx_word' id='word_1_306' title='bbox 1132 4162 1346 4241; x_wconf 86' lang='lat' dir='ltr'><strong>partes</strong></span> <span class='ocrx_word' id='word_1_307' title='bbox 1404 4153 1798 4239; x_wconf 83' lang='lat' dir='ltr'><strong>Salcisburgi,</strong></span> <span class='ocrx_word' id='word_1_308' title='bbox 1861 4159 1928 4220; x_wconf 88' lang='lat' dir='ltr'><strong>et</strong></span> <span class='ocrx_word' id='word_1_309' title='bbox 1982 4154 2319 4221; x_wconf 85' lang='lat' dir='ltr'><strong>secundum</strong></span> <span class='ocrx_word' id='word_1_310' title='bbox 2388 4154 2750 4220; x_wconf 89' lang='lat' dir='ltr'><strong>relationem</strong></span> <span class='ocrx_word' id='word_1_311' title='bbox 2810 4154 3119 4220; x_wconf 86' lang='lat' dir='ltr'><strong>dictorum</strong></span> 
     </span>
     <span class='ocr_line' id='line_1_38' title="bbox 783 4256 3114 4347; baseline -0.004 -12"><span class='ocrx_word' id='word_1_312' title='bbox 783 4261 1318 4347; x_wconf 79' lang='lat' dir='ltr'><strong>ambassiatorum,</strong></span> <span class='ocrx_word' id='word_1_313' title='bbox 1363 4262 1439 4327; x_wconf 90' lang='lat' dir='ltr'><strong>de</strong></span> <span class='ocrx_word' id='word_1_314' title='bbox 1485 4258 1673 4325; x_wconf 89' lang='lat' dir='ltr'><strong>dictis</strong></span> <span class='ocrx_word' id='word_1_315' title='bbox 1715 4261 1989 4343; x_wconf 85' lang='lat' dir='ltr'><strong>quatuor</strong></span> <span class='ocrx_word' id='word_1_316' title='bbox 2017 4256 2323 4339; x_wconf 85' lang='lat' dir='ltr'><strong>capitulis,</strong></span> <span class='ocrx_word' id='word_1_317' title='bbox 2368 4256 2501 4323; x_wconf 87' lang='lat' dir='ltr'><strong>Rex</strong></span> <span class='ocrx_word' id='word_1_318' title='bbox 2530 4256 2913 4324; x_wconf 87' lang='lat' dir='ltr'><strong>solummodo</strong></span> <span class='ocrx_word' id='word_1_319' title='bbox 2941 4276 3114 4327; x_wconf 87' lang='lat' dir='ltr'><strong>meu-</strong></span> 
     </span>
    </p>
   </div>
  </div>
 </body>
</html>
