3793 5187
2022 485 2105 550 86

913 685 1306 752 mentionem.
1375 689 1446 752 In
1491 689 1706 769 primis
1756 690 1965 770 itaque
2010 689 2391 754 Excellentie
2436 688 2659 753 vestre
2702 689 2969 768 quantas
3016 701 3228 766 possu-

911 805 1050 852 mus
1089 789 1324 870 gratias
1367 789 1683 869 habemuS,
1729 809 1850 872 que
1891 810 2005 872 pro
2048 791 2139 856 eis
2180 791 2401 856 innata
2436 789 2784 868 clementia,
2831 785 3229 867 naturalique

909 891 1385 956 mansuetudine
1425 893 1502 957 de
1545 891 1724 958 nobis
1769 900 1833 958 et
1875 898 2093 959 nostra
2133 893 2451 976 republica
2496 898 2625 957 tam
2669 890 2998 956 caritative
3027 891 3093 953 et
3121 887 3231 951 ho-

905 990 1160 1057 norifice
1206 991 1499 1075 loquitur,
1549 999 1949 1076 nostramque
1986 995 2472 1060 vetustissimam
2518 1000 2584 1060 et
2626 994 2929 1075 optimam
2968 988 3230 1071 disposi-

910 1093 1142 1159 tionem
1171 1095 1250 1160 ad
1283 1097 1604 1161 commoda
1632 1097 2107 1163 christianitatis
2150 1097 2305 1162 adeo
2341 1097 2731 1162 commendat
2760 1099 2825 1160 et
2854 1089 3233 1175 magnifacit,

910 1213 1030 1277 que
1075 1196 1282 1262 omnia
1329 1215 1370 1262 a
1411 1216 1556 1265 vero
1616 1197 1786 1264 fonte
1851 1199 2228 1264 sinceritatis
2270 1204 2336 1264 et
2378 1197 2723 1264 affectionis
2770 1201 2972 1262 vestre
3014 1191 3234 1258 Excel-

914 1298 1256 1365 lentissime
1299 1299 1738 1366 dominationis
1782 1300 1860 1365 ad
1904 1319 2018 1366 nos
2062 1309 2127 1366 et
2167 1320 2295 1365 rem
2342 1299 2653 1382 publicam
2698 1302 2971 1364 nostram
3017 1311 3233 1379 prove-

914 1401 1050 1466 nire
1092 1403 1534 1484 cognoscimus,
1581 1422 1766 1485 quam
1797 1421 2015 1468 rursus
2045 1402 2455 1469 certificamus
2482 1421 2598 1468 nos
2626 1421 2763 1468 esse
2792 1400 2961 1466 illius
2992 1394 3231 1480 optimi,

904 1506 1509 1586 constantissimique
1565 1507 1867 1588 propositi
1927 1507 2101 1571 cuius
2159 1524 2402 1588 semper
2462 1505 2691 1571 fuimus
2734 1504 2815 1569 ad
2858 1501 3123 1567 salutem
3164 1503 3231 1562 et

911 1606 1170 1670 comoda
1213 1607 1552 1689 reipublice
1593 1609 1905 1688 cristiane‚
1970 1627 2082 1689 pro
2126 1627 2269 1690 qua,
2320 1607 2484 1674 sicut
2524 1607 2813 1672 universo
2858 1602 2995 1670 orbi
3035 1601 3231 1667 notis-

904 1706 1126 1771 simum
1187 1727 1320 1774 esse
1377 1714 1603 1792 potest,
1663 1729 1789 1776 non
1848 1712 2030 1776 modo
2087 1708 2335 1776 labores
2394 1714 2461 1776 et
2512 1727 2678 1791 opeS,
2744 1709 2853 1774 sed
2913 1721 3230 1789 personae,

909 1825 1190 1874 cruorem
1233 1815 1300 1876 et
1341 1812 1554 1892 vitam,
1613 1813 1786 1878 nullo
1837 1831 2113 1896 unquam
2168 1819 2443 1894 tempore
2490 1813 2784 1878 adversus
2829 1809 3054 1891 impios
3098 1812 3232 1872 teu·

906 1928 1043 1976 cros
1089 1929 1410 1994 exponere,
1465 1933 1579 1981 nec
1620 1913 1935 1981 effundere
1976 1913 2415 1980 dubitavimus.
2510 1913 3021 1980 Iocundissimum
3063 1909 3233 1973 insu-

905 2031 1016 2094 per
1055 2013 1234 2080 nobis
1271 2014 1392 2080 fuit
1435 2035 1509 2082 ex
1554 2017 1706 2099 ipsis
1751 2017 1953 2082 literis
1994 2035 2209 2082 rursus
2252 2017 2492 2097 audire,
2538 2016 2705 2098 quod
2744 2019 2957 2080 tamen
2998 2011 3230 2078 dudum

911 2123 1058 2180 ante
1095 2119 1160 2180 et
1200 2117 1400 2182 literis
1431 2124 1497 2183 et
1523 2119 1907 2202 experientia
1939 2119 2499 2201 exploratissimum
2527 2117 2705 2184 nobis
2734 2121 2891 2196 erat,
2938 2115 3233 2179 Vestram

909 2216 1113 2282 silicet
1159 2216 1603 2286 celsitudinem
1664 2222 1744 2286 ad
1801 2221 2327 2286 continuationem
2381 2221 2549 2286 illius
2590 2215 2967 2285 sanctissimi
3008 2233 3232 2299 propo-

907 2317 1014 2383 siti
1057 2321 1154 2384 sui
1198 2319 1362 2385 circa
1403 2320 1646 2389 favores
1688 2327 1754 2388 et
1795 2323 2075 2388 subsidia
2120 2323 2453 2405 prestanda
2508 2341 2622 2406 pro
2665 2319 3059 2403 expeditione
3100 2335 3235 2384 ma-

909 2419 1121 2486 ritime
1163 2421 1400 2501 classiS,
1447 2427 1512 2488 et
1554 2424 1718 2490 circa
1761 2425 1888 2489 alia
1928 2431 2278 2507 opportuna
2308 2425 2387 2490 ad
2418 2423 2920 2490 sublimationem
2950 2427 3018 2486 et
3045 2422 3234 2487 decus

915 2519 1058 2587 fidei
1103 2521 1440 2605 Catholice‚
1495 2545 1570 2591 ac
1627 2526 1965 2592 infidelium
2029 2532 2376 2592 teucrorum
2434 2527 2737 2592 excidium
2798 2524 2953 2590 adeo
2995 2522 3236 2589 ferven-

908 2623 1217 2690 tissimam
1247 2644 1385 2692 esse
1411 2645 1488 2694 ac
1517 2634 1652 2694 tota
1686 2636 1894 2695 mente
1922 2630 2305 2711 dispositam.
2369 2630 2463 2695 Ex
2493 2628 2717 2711 quibus
2747 2628 3037 2693 universa
3070 2624 3233 2691 chri-

912 2726 1120 2792 stiana
1163 2729 1380 2811 religio
1421 2730 1551 2812 Ipsi
1593 2731 1821 2797 Vestre
1864 2730 2397 2797 Christianissime
2444 2730 2815 2797 Celsitudini
2871 2748 2996 2795 non
3052 2728 3234 2794 modo

910 2829 1148 2909 gratias
1191 2848 1392 2913 agere,
1451 2834 1562 2898 sed
1609 2851 1676 2898 se
1717 2833 1915 2915 ipsam
1979 2831 2306 2898 obnoxiam
2368 2833 2625 2898 reddere
2669 2830 2871 2911 debet,
2926 2850 3002 2896 ac
3046 2846 3235 2911 super

909 2930 1200 2997 celestem
1239 2932 1468 3015 Regem
1510 2934 1747 3016 Regum
1790 2952 1905 3016 pro
1950 2933 2153 3000 salute
2196 2934 2477 3001 sublimis
2522 2952 2784 3017 persone
2811 2940 3021 2999 vestre
3050 2932 3237 2997 devo-

909 3032 1148 3099 tissime
1193 3052 1466 3101 exorare.
1555 3036 1646 3101 Ut
1689 3041 1899 3102 autem
1944 3037 2025 3101 ad
2070 3038 2531 3120 responsionem
2584 3036 2865 3117 ipsarum
2907 3036 3235 3101 literarum

905 3139 1254 3201 vestrarum
1298 3138 1760 3219 particulariter
1800 3137 2263 3218 daecendamuS,
2310 3140 2375 3203 in
2423 3156 2641 3203 earum
2678 3138 2880 3203 altera
2908 3136 3233 3202 Excellen-

908 3237 1002 3301 tia
1045 3238 1254 3303 veetra
1313 3256 1426 3305 nos
1487 3240 1777 3305 hortatur
1819 3246 1884 3306 et
1929 3246 2125 3323 rogat,
2172 3246 2247 3305 ut
2288 3240 2429 3307 illas
2476 3244 2745 3322 quatuor
2783 3238 3016 3322 galeaS,
3078 3254 3235 3320 quas

909 3344 1126 3404 contra
1185 3344 1432 3406 teucros
1476 3340 1859 3408 solummodo
1920 3342 2075 3408 alias
2120 3344 2444 3409 comodare
2486 3343 2903 3425 promisimuS,
2968 3340 3232 3423 sumpti-

911 3438 1028 3505 bus
1071 3443 1297 3508 vestris
1342 3444 1657 3511 armandis
1695 3445 1761 3508 in
1805 3444 1925 3510 hac
1967 3444 2122 3509 urbe
2172 3451 2389 3511 nostra
2423 3445 2827 3511 Venetiarum
2888 3444 3099 3526 parari
3141 3440 3236 3507 fa·

912 3542 1166 3624 ciamus,
1218 3545 1312 3610 ita
1373 3551 1447 3610 ut
1501 3546 1694 3611 vestri
1750 3564 1907 3629 quos
1974 3546 2054 3612 ad
2114 3566 2244 3613 rem
2306 3547 2743 3629 exequendam,
2808 3546 2932 3612 huc
2988 3546 3237 3611 mittere

911 3643 1244 3725 statuistis,
1289 3646 1432 3711 illas
1479 3651 1734 3729 paratas
1779 3647 2117 3716 inveniant.
2184 3650 2281 3715 Ad
2318 3649 2435 3715 hoc
2473 3650 2752 3729 dicimuS,
2808 3649 2976 3731 quod
3024 3664 3234 3729 perse-

911 3750 1197 3813 verantes
1241 3746 1308 3812 in
1351 3747 1646 3814 iamdicta
1697 3754 1917 3815 nostra
1959 3751 2196 3833 optima
2236 3751 2661 3833 dispositione,
2721 3768 2797 3815 ac
2838 3751 2905 3815 in
2950 3768 3024 3815 ea
3064 3747 3237 3815 obla-

909 3847 1081 3914 tione
1109 3867 1296 3931 quam
1328 3848 1697 3916 Celsitudini
1727 3850 1955 3917 Vestre
1996 3852 2220 3917 fecisse
2264 3870 2388 3923 non
2430 3851 2863 3932 obliviscimur,
2906 3852 3035 3918 Eas
3069 3850 3235 3917 illico

912 3950 1120 4033 parari
1163 3950 1479 4032 faciemuS,
1524 3955 1590 4019 et
1631 3954 1698 4017 in
1739 3952 1957 4019 ordine
2002 3954 2148 4036 poni
2201 3952 2483 4018 omnibus
2526 3951 2710 4018 rebus
2754 3959 2820 4018 et
2858 3952 3237 4019 fulcimentis

911 4053 994 4119 ad
1033 4054 1490 4136 navigationem
1552 4055 1920 4137 opportunis
1988 4054 2081 4120 ita
2135 4058 2209 4119 ut
2263 4055 2377 4120 deo
2431 4054 2637 4134 dante,
2696 4072 2835 4120 cum
2879 4054 3074 4121 vestri
3118 4054 3239 4123 huc

915 4154 1258 4237 attigerint,
1306 4154 1446 4221 illas
1490 4160 1742 4238 paratas
1802 4161 1868 4221 et
1924 4154 2173 4222 fulcitas
2232 4156 2562 4221 invenient.
2653 4158 2739 4221 At
2774 4156 3070 4239 quoniam
3110 4156 3237 4223 Ex-

916 4256 1204 4323 cellentia
1245 4256 1492 4325 Vestra.
1513 4256 1740 4337 subdit,
1797 4256 1963 4339 quod
2006 4258 2063 4322 si
2100 4276 2211 4339 per
2252 4258 2581 4339 fortunam,
2635 4259 2733 4325 vel
2774 4258 2959 4325 aliter
2996 4259 3237 4326 accide-

916 4362 1015 4426 ret
1054 4358 1222 4444 ipsas
1265 4360 1477 4443 galeas
1523 4359 1624 4425 vel
1665 4376 1880 4425 earum
1938 4357 2213 4441 aliquam
2273 4360 2650 4441 periclitare,
2706 4361 2806 4427 vel
2848 4360 3235 4430 damnificari
