3793 5187
1816 431 1895 498 31

890 639 1003 706 Ser
1055 641 1424 708 Franciscus
1480 641 1751 721 Foscari,
1811 660 1914 707 ser
1970 640 2276 706 Fantinus
2340 640 2646 721 Dandulo,
2707 641 3018 724 sapientes
3043 680 3060 698 κ

684 762 923 826 guerre.

894 845 1054 924 Quia
1095 852 1193 912 est
1235 848 1614 930 amplissime
1670 847 2095 913 confidendum
2143 847 2220 913 de
2263 847 2569 929 sapientia
2611 852 2676 912 et
2717 847 3017 913 fidelitate

685 954 1041 1014 nostrorum
1084 947 1578 1014 ambaxiatorum
1622 950 1960 1014 electorum
2001 950 2082 1014 ad
2125 949 2394 1016 eundum
2433 951 2512 1014 ad
2545 949 3015 1016 Serenissimum

684 1050 917 1133 Regem
960 1050 1215 1116 Polonie
1254 1069 1366 1133 pro
1410 1070 1563 1133 pace
1605 1053 1934 1117 tractanda
1977 1052 2140 1117 inter
2182 1052 2412 1134 Regem
2455 1052 2774 1135 Hungarie
2813 1057 2877 1117 et
2905 1070 3015 1115 no-

684 1157 885 1219 strum
926 1154 1312 1235 Dominium;
1378 1160 1443 1220 et
1500 1155 1585 1220 sit
1644 1155 1833 1219 etiam
1890 1155 2336 1242 providendum
2386 1156 2550 1237 quod
2597 1157 2830 1220 vadant
2877 1173 3015 1220 cum

689 1255 805 1320 tali
849 1256 1064 1322 ordine
1106 1262 1172 1322 et
1211 1256 1502 1323 libertate
1543 1257 1707 1339 quod
1749 1277 1872 1340 pax
1915 1259 2091 1340 sequi
2127 1259 2342 1340 possit,
2390 1263 2455 1324 et
2497 1259 2661 1341 quod
2708 1263 3015 1324 tractatus

683 1357 791 1422 isti
835 1376 960 1424 non
1006 1359 1241 1424 vadant
1284 1360 1350 1425 in
1392 1359 1663 1442 longum,
1717 1360 2122 1426 consideratis
2165 1362 2468 1444 expensiS,
2529 1362 2770 1427 damnis
2813 1366 2879 1426 et
2921 1362 3014 1426 in-

684 1465 917 1527 teresse
959 1480 1080 1544 que
1123 1462 1399 1544 quotidie
1451 1462 1629 1528 nobis
1672 1468 1737 1528 et
1779 1464 1976 1528 statui
2028 1468 2242 1529 nostro
2300 1464 2592 1529 eveniunt
2634 1469 2700 1529 et
2743 1482 2862 1546 que
2904 1483 3015 1545 per

686 1563 1048 1629 dilationem
1106 1565 1400 1647 temporis
1444 1570 1792 1648 augeretur,
1850 1566 2239 1632 considerato
2293 1567 2480 1632 etiam
2525 1567 2691 1647 quod
2733 1583 3014 1648 perseve-

680 1670 860 1732 rante
902 1685 1128 1749 guerra
1168 1686 1295 1734 non
1337 1685 1663 1750 possumus
1703 1667 1886 1734 modo
1932 1669 2140 1752 aliquo
2185 1669 2420 1752 aliquid
2463 1668 2691 1735 lucrari
2734 1687 2848 1735 nec
2897 1669 3010 1733 ali—

681 1771 847 1852 quod
892 1771 1186 1836 damnum
1231 1769 1459 1836 inferre
1498 1769 1665 1836 dicto
1697 1771 1851 1853 Regi
1890 1772 2238 1854 Hungarie;
2284 1771 2480 1838 Vadit
2521 1789 2667 1854 pars
2714 1773 2878 1853 quod
2906 1773 3012 1837 de-

682 1878 788 1940 tur
840 1873 1096 1939 libertas
1156 1872 1339 1940 (lictis
1395 1875 1627 1939 nostris
1687 1873 2218 1940 ambaxiatoribus
2275 1874 2441 1957 quod
2494 1873 2678 1940 factis
2732 1873 3013 1939 omnibus

680 1976 1077 2060 experientiis
1115 1976 1513 2060 possibilibus
1542 1976 2052 2043 concernentibus
2081 1977 2438 2058 utilitatem,
2469 1977 2762 2042 honorem
2793 1981 2857 2041 et
2884 1981 3011 2041 sta-

684 2085 817 2145 tum
860 2085 1143 2146 nostrum
1188 2080 1352 2147 circa
1394 2085 1735 2146 tractatum
1778 2087 1843 2146 et
1886 2079 2338 2146 conclusionem
2381 2079 2553 2163 pacis
2595 2085 2661 2145 et
2703 2079 3011 2145 concordii

678 2181 745 2248 in
787 2181 1071 2249 habendo
1107 2183 1475 2266 Tragurium
1518 2188 1584 2248 et
1620 2182 1972 2249 Sibenicum
2015 2188 2081 2248 et
2123 2183 2248 2247 alia
2291 2183 2428 2248 loca
2471 2201 2592 2265 que
2635 2181 2716 2247 ad
2755 2199 3010 2264 presens

683 2284 1071 2367 possidemus
1112 2286 1179 2351 in
1221 2285 1538 2351 Dalmatia
1592 2303 1789 2366 usque
1842 2285 1924 2350 ad
1968 2303 2271 2350 summam
2327 2285 2690 2350 ducatorum
2751 2283 2898 2348 (3·(3ιιι
2949 2288 3014 2349 et

678 2388 1049 2454 restituente
1090 2389 1259 2471 Rege
1299 2389 1439 2454 loca
1480 2385 1879 2471 infrascripta
1931 2387 2110 2452 nobis
2156 2386 2366 2453 ablata
2409 2392 2475 2452 et
2510 2387 2867 2452 remittente
2915 2405 3012 2452 so-

676 2491 977 2559 lutionem
1023 2491 1187 2556 VII¹¹¹
1241 2493 1607 2558 ducatorum
1662 2508 1777 2572 pro
1832 2495 2111 2572 tempore
2164 2491 2461 2572 preterito
2513 2495 2578 2556 et
2619 2489 2830 2555 futuro
2886 2508 3010 2555 non

676 2592 1069 2676 possentibus
1128 2596 1217 2661 eis
1276 2595 1460 2660 aliter
1502 2593 1881 2674 concludere,
1951 2591 2193 2675 possint
2236 2593 2598 2675 promittere
2638 2591 2794 2675 Regi
2834 2591 3008 2657 Hun-

678 2696 852 2780 garie
902 2698 1067 2782 quod
1108 2695 1573 2763 remanentibus
1629 2695 1805 2761 nobis
1862 2695 2146 2761 omnibus
2203 2695 2408 2775 terriS,
2475 2696 2714 2776 castris
2770 2695 3006 2774 insuliS,

682 2799 833 2866 locis
876 2805 941 2866 et
986 2798 1321 2866 territoriis
1364 2817 1485 2881 que
1526 2797 1991 2880 presentialiter
2017 2797 2400 2879 possidemus
2441 2797 2506 2862 in
2548 2797 2832 2881 partibus
2860 2797 3008 2861 Dal-

676 2904 885 2984 matie,
931 2921 1005 2969 ac
1047 2902 1424 2969 restituente
1464 2900 1643 2966 nobis
1674 2901 1839 2965 dicto
1868 2899 2036 2983 Rege
2077 2904 2297 2981 terraS,
2345 2906 2568 2981 castra,
2615 2900 2903 2966 fortilitia
2945 2904 3010 2963 et

676 3006 804 3071 alia
840 3024 963 3088 que
1008 3023 1119 3089 per
1161 3006 1493 3070 adventum
1535 3003 1815 3086 gentium
1859 3021 2110 3069 suarum
2156 3003 2334 3069 nobis
2363 3003 2574 3069 ablata
2611 3008 2758 3069 sunt
2789 3002 2856 3068 in
2885 3008 3009 3068 ter-

676 3107 894 3175 visana
950 3113 1015 3174 et
1075 3113 1398 3174 cenetense
1455 3125 1530 3172 ac
1583 3107 1861 3172 Feltrum
1907 3111 1972 3172 et
2011 3102 2378 3172 Cividadum
2436 3125 2574 3173 cum
2617 3106 3009 3189 pertinentiis

680 3212 825 3292 suis,
887 3211 1173 3278 dabimus
1231 3210 1349 3277 sibi
1405 3228 1602 3291 usque
1660 3211 1741 3275 ad
1796 3228 2100 3275 summam
2158 3209 2524 3275 ducatorum
2583 3207 2730 3273 CCm
2776 3209 2842 3274 in
2885 3208 3010 3295 illis

678 3314 960 3380 terminis
1003 3314 1069 3379 in
1111 3314 1337 3397 quibus
1382 3312 1603 3378 melius
1656 3312 1856 3377 facere
1915 3316 2227 3393 poterunt.
2316 3312 2403 3375 Et
2447 3329 2572 3376 non
2614 3310 3008 3393 possentibus

678 3416 803 3482 illis
846 3417 1033 3483 aliter
1072 3416 1276 3483 facere
1326 3419 1426 3482 vel
1482 3416 1847 3483 concludere
1902 3414 2084 3481 factis
2145 3402 2540 3496 experientiis
2591 3412 3007 3496 possibilibus,

673 3520 917 3602 possint
949 3520 1138 3586 etiam
1168 3520 1531 3601 promittere
1576 3517 1944 3585 solutionem
1983 3535 2252 3583 annuam
2298 3517 2662 3583 ducatorum
2691 3515 2854 3581 VII¹¹²
2896 3534 3008 3597 pro

678 3626 958 3706 tempore
987 3628 1269 3703 ventum,
1314 3621 1727 3705 incipiendam
1757 3624 1903 3704 post
1931 3621 2381 3688 conclusionem
2410 3619 2582 3702 pacis
2617 3625 2850 3701 quanto
2880 3624 3007 3683 tar-

676 3726 817 3791 dius
856 3724 991 3790 fieri
1038 3726 1287 3808 poterit,
1334 3730 1398 3791 et
1440 3726 1607 3808 quod
1648 3724 1726 3789 de
1767 3724 1946 3806 pagis
1989 3723 2304 3806 preteritis
2346 3722 2680 3787 liberemur
2710 3725 2775 3785 et
2803 3719 3004 3786 absol-

672 3845 911 3893 vamur.
968 3827 1149 3895 .Item
1192 3828 1247 3893 si
1287 3827 1567 3894 venirent
1610 3825 1691 3891 ad
1735 3830 2076 3891 tractatum
2122 3830 2543 3907 treuguarum‚
2582 3822 2824 3906 possint
2865 3822 3007 3887 illas

675 3932 1040 3997 concludere
1081 3936 1148 3997 et
1188 3930 1437 3997 firmare
1479 3948 1591 4012 pro
1638 3947 1826 4011 quam
1870 3928 2134 4011 longiori
2176 3927 2440 3993 termino
2487 3927 2608 3991 erit
2651 3925 2768 3991 sibi
2811 3924 3007 4007 possi-

672 4032 815 4113 bile,
872 4052 913 4099 a
956 4034 1229 4117 quinque
1270 4033 1449 4099 annis
1508 4051 1723 4114 supra3
1790 4036 1855 4097 et
1906 4049 2032 4096 non
2089 4029 2392 4113 possendo
2435 4028 2579 4094 illas
2621 4029 2805 4094 aliter
2847 4027 3007 4093 obti-

674 4152 839 4216 nere,
900 4133 1084 4202 factis
1126 4134 1521 4219 experientiis
1560 4133 1957 4217 possibilibus
2015 4133 2178 4198 sicut
2230 4133 2307 4198 de
2350 4131 2657 4213 sapientia
2699 4131 3004 4196 dictorum

670 4241 1023 4303 nostrorum
1048 4237 1519 4303 ambaxatorum
1549 4241 1647 4301 est
1673 4236 1875 4319 ample
1900 4236 2270 4318 sperandum
2299 4238 2364 4300 et
2393 4232 2841 4314 confidendum,
2865 4250 3006 4315 pos-

671 4339 799 4404 sint
840 4339 1189 4407 conclusive
1222 4338 1365 4405 illas
1409 4339 1657 4405 firmare
1686 4344 1751 4405 et
1777 4339 2146 4422 promittere
2184 4356 2296 4420 pro
2326 4337 2478 4420 ipsis
2505 4337 2780 4419 treuguis
2810 4354 3006 4418 usque
