3793 5187
1870 687 1991 754 181

736 899 1045 979 -utroque
1092 894 1459 977 loquamur,
1503 894 1905 980 profecturus
1948 901 2048 963 est
2073 899 2290 962 orator
2317 893 2454 978 ipse
2494 895 2561 961 in
2591 895 2860 963 curiam:
2905 897 3120 970 tentae

762 999 861 1094 bit
908 1019 1049 1067 cum
1091 998 1223 1066 illic
1273 999 1467 1066 fuerit
1536 998 1852 1082 pontificis
1911 1002 2221 1082 mentem,
2266 1003 2334 1066 et
2391 997 2700 1083 intelliget
2741 998 3116 1066 Sanctitatis

736 1121 895 1185 --sue,
943 1108 1011 1169 et
1054 1101 1494 1174 Cardinalium
1530 1102 2020 1186 dispositionem.
2107 1101 2241 1169 Nos
2304 1102 2433 1169 illic
2482 1106 2766 1170 nostrum
2814 1102 3114 1170 habemus

762 1211 1075 1300 oratorem
1141 1225 1352 1273 rerum
1394 1203 1876 1272 christianarum
1933 1223 2138 1288 causa,
2185 1225 2298 1290 per
2349 1223 2535 1288 quem
2593 1206 3114 1290 pomptitudinem

764 1315 1044 1378 nostram
1088 1310 1323 1376 claram
1365 1313 1663 1376 testatam
1724 1306 1895 1375 omni
1945 1313 2224 1392 tempore
2269 1308 2599 1376 faciemus:
2661 1309 2750 1376 Et
2797 1309 2853 1376 si
2894 1327 3114 1376 conve-

740 1410 1059 1506 ¹⁴niendum
1104 1411 1317 1492 fuerit,
1362 1430 1488 1478 non
1518 1411 1749 1478 erimus
1790 1411 2113 1495 postremi,
2155 1413 2210 1478 si
2254 1411 2638 1496 operandum
2666 1430 2792 1478 non
2834 1413 3109 1495 secundi,

767 1517 999 1600 quippe
1042 1516 1151 1597 qui
1202 1512 1592 1581 cessantibus
1650 1513 1911 1595 reliquis
1963 1517 2180 1581 sumus
2239 1514 2307 1579 in
2365 1514 2490 1580 iam
2557 1513 2798 1596 pridem
2861 1515 3111 1600 incepto

756 1622 933 1685 motu
997 1621 1065 1685 et
1124 1616 1489 1700 agitatione.
1584 1615 1721 1683 Hec
1785 1615 1966 1683 nobis
2032 1617 2503 1683 memorandum
2564 1617 3110 1698 impresentiarum

758 1721 1045 1803 occurrit,
1095 1720 1263 1802 quod
1304 1717 1663 1804 frequenter
1708 1737 2054 1786 memorare
2112 1720 2400 1801 solemus,
2447 1723 2515 1786 et
2568 1720 2769 1803 magis
2827 1737 3111 1785 necessa-

754 1823 920 1914 rium
960 1824 1079 1890 hoc
1124 1828 1409 1905 tempore
1449 1822 1515 1888 id
1557 1821 1690 1889 sore
1734 1821 2160 1888 existimamus
2222 1826 2299 1888 ut
2355 1822 2556 1888 omnis
2597 1840 2776 1888 mora
2818 1833 2883 1888 et
2924 1840 3110 1889 cunc-

757 1926 996 2018 tatiosu
1024 1925 1377 2008 pprimatur
1409 1923 1820 2006 celeriterque
1848 1925 2235 2008 oppituletur
2267 1923 2362 1991 rei
2391 1923 2731 1992 christiane
2768 1925 3006 1993 labenti
3045 1930 3110 1992 et

758 2027 1151 2122 periclitanti
1194 2032 1459 2111 urgente
1500 2027 1936 2110 potentissimo
1979 2027 2250 2108 inimico,
2295 2032 2361 2093 et
2401 2045 2527 2094 non
2569 2025 2958 2111 obmittente,
2998 2035 3110 2096 aut

763 2131 1087 2199 deferente
1117 2149 1572 2215 quamcumque
1599 2131 2144 2214 opprimendorum
2175 2129 2659 2198 christianorum
2701 2132 3106 2199 occasionem.

761 2233 1041 2302 Suadeat
1081 2235 1274 2318 igitur
1319 2233 1487 2300 idem
1530 2237 1746 2300 orator
1784 2238 1850 2301 et
1894 2234 1961 2299 in
2005 2235 2178 2301 curia
2221 2252 2360 2300 cum
2402 2233 2532 2300 illic
2573 2232 2764 2300 fuerit
2799 2238 2864 2300 et
2905 2235 3109 2317 Impe-

768 2336 1005 2404 ratorie
1049 2336 1421 2403 celsitudini
1459 2355 1575 2419 per
1618 2337 1883 2418 litteras,
1929 2342 2003 2402 ut
2061 2341 2210 2402 ante
2271 2336 2477 2420 ipsum
2537 2342 2908 2404 conventum
2968 2357 3107 2406 suc-

754 2442 1047 2505 curratur
1074 2439 1165 2505 rei
1194 2437 1552 2504 christiane.
1642 2437 1730 2504 Et
1772 2438 1839 2504 in
1880 2439 2018 2521 ipso
2060 2441 2473 2522 convocando,
2521 2444 2584 2506 et
2627 2457 2870 2522 semper
2914 2446 3105 2522 atque

755 2541 1023 2623 assidue,
1055 2548 1129 2608 ut
1171 2541 1373 2609 hostis
1416 2557 1776 2625 oppugnare
1819 2542 2063 2624 nititur,
2093 2542 2188 2610 ita
2229 2559 2270 2607 a
2314 2539 2672 2608 christianis
2722 2542 3106 2627 principibus

726 2646 886 2711 suis
949 2646 1184 2712 interse
1250 2646 1609 2729 compositis
1656 2646 2094 2713 controversiis
2164 2632 2598 2729 propugnetur
2657 2644 2812 2712 fides
2883 2645 3104 2727 religio

751 2750 1015 2832 ipsaque
1057 2750 1231 2816 salus
1294 2755 1360 2816 et
1397 2748 1654 2817 libertas
1712 2750 2227 2833 uniuscuiusque:
2293 2748 2466 2814 Nihil
2523 2750 2688 2815 enim
2760 2747 2952 2815 habet
3000 2768 3102 2817 res

755 2851 1098 2917 christiana
1143 2851 1346 2935 magis
1374 2850 1763 2917 mortiferum
1806 2855 1872 2918 et
1901 2852 2152 2919 exitiale
2196 2869 2386 2933 quam
2427 2852 2494 2918 in
2538 2851 2705 2918 omni
2747 2851 3102 2919 adhibenda

751 2954 1107 3038 provisione
1150 2953 1535 3020 incredibilis
1576 2954 1918 3037 longitudo,
1966 2958 2032 3021 et
2073 2952 2470 3038 interpositio
2515 2954 2832 3038 temporis.

958 3055 1059 3121 De
1105 3054 1591 3139 particularibus
1634 3054 1885 3121 interim
1925 3055 2216 3123 remediis
2278 3057 2575 3123 adversus
2615 3057 2952 3125 Turcorum
2993 3080 3100 3126 ex·

756 3160 1075 3225 cursiones
1114 3163 1180 3247 et
1224 3158 1741 3241 depopulationes
1801 3159 1922 3224 hoc
1976 3158 2142 3225 idem
2183 3158 2482 3225 dicimus:
2526 3176 2652 3225 non
2711 3160 2912 3227 solum
2962 3181 3101 3229 esse

750 3262 833 3328 ad
876 3261 1293 3329 resistendum
1336 3260 1671 3344 dispositos
1714 3264 1781 3326 et
1822 3267 2098 3344 paratos,
2130 3262 2238 3328 sed
2269 3262 2336 3327 in
2376 3262 2514 3346 ipso
2542 3262 2896 3329 resistentie
2931 3270 3093 3330 actu.

748 3369 1035 3431 tenemus
1106 3364 1269 3431 enim
1331 3362 1415 3430 ad
1474 3362 1741 3430 confinia
1806 3369 2027 3431 nostra
2090 3364 2317 3431 bonum
2385 3365 2702 3447 copiarum
2772 3384 3100 3433 numerum

748 3467 1133 3548 equestrium
1182 3471 1248 3532 et
1290 3465 1693 3549 pedestrium.
1776 3466 1866 3533 Et
1906 3467 2149 3534 utinam
2200 3485 2313 3549 per
2366 3467 2750 3535 conditiones
2801 3487 3095 3552 passuum

749 3575 816 3636 et
860 3571 1139 3636 locorum
1171 3568 1481 3650 potuisset
1522 3574 1903 3651 possentque
1961 3571 2138 3653 copie
2173 3570 2308 3652 ipse
2349 3572 2565 3637 nostre
2631 3569 2906 3639 subsidio
2959 3590 3098 3639 esse

748 3670 1019 3739 subditis
1066 3670 1479 3755 Imperatorie
1526 3671 1950 3754 celsitudinis,
1999 3672 2246 3755 quando
2281 3671 2364 3738 ab
2392 3672 2610 3739 'hircis
2653 3674 2858 3739 vexati
2903 3679 3093 3741 sunt:

753 3775 1045 3859 qnoniam
1091 3775 1157 3841 id
1200 3773 1495 3841 fecissent
1536 3775 1875 3857 plusquam
1915 3774 2342 3843 libentissime.
2428 3774 2656 3843 Sumus
2703 3776 2972 3857 denique
3013 3777 3096 3844 ad

750 3894 999 3943 omnem
1043 3876 1275 3943 bonam
1319 3876 1487 3943 inter
1529 3895 1645 3943 nos
1684 3876 2162 3959 intelligentiam
2206 3896 2322 3960 pro
2373 3876 2800 3961 suprascripta
2850 3880 3097 3946 comuni

748 3981 815 4043 et
856 3985 1080 4046 mutua
1120 3977 1512 4047 subditorum
1554 3979 2054 4064 propugnatione
2082 3983 2148 4049 et
2191 3980 2664 4072 conservatione
2701 3980 2987 4064 dispositi
3031 3986 3096 4048 et

746 4082 971 4163 parati.
1060 4080 1153 4147 Et
1196 4080 1331 4147 fore
1374 4098 1695 4165 speramus
1740 4088 1814 4150 ut
1852 4083 1906 4148 si
1950 4102 2028 4149 ex
2071 4088 2253 4167 parte
2295 4083 2706 4167 Imperatorie
2742 4083 3096 4149 Maiestatis

744 4184 1074 4270 tantumde
1113 4184 1419 4251 bonarum
1474 4184 1796 4267 copiarum
1850 4187 2266 4252 constituetur
2329 4192 2396 4252 et
2457 4184 2774 4253 tenebitur
2831 4185 2898 4250 in
2960 4187 3091 4252 suis

720 4284 1087 4352 -confinibus
1104 4336 1155 4383 ,·
1187 4304 1309 4367 que
1393 4304 1533 4352 cum
1599 4285 1833 4352 nostris
1894 4286 2123 4353 bonam
2193 4286 2422 4354 habeat
2484 4286 2966 4369 intelligentiam
3026 4293 3092 4354 et

745 4386 923 4456 unite
962 4393 1343 4455 concurrant
1399 4390 1466 4455 in
1513 4407 1839 4456 comunem
1875 4388 2293 4457 defensionem
2337 4394 2656 4457 cessature
2709 4388 2838 4455 sint
2880 4379 3092 4457 huius-

744 4491 915 4560 modi
965 4491 1481 4575 depopulationes
1532 4496 1597 4559 et
1651 4493 1841 4576 prede
1905 4510 2062 4575 quas
2109 4492 2323 4561 hostes
2385 4480 2800 4561 'securrissimi
2845 4492 3096 4559 nemine

744 4594 995 4663 omnino
1041 4594 1512 4663 contradicente
1554 4594 1813 4663 faciunt.
