3793 5187
1860 690 1866 696 ι
1888 609 2020 676 200

782 827 1175 896 quocumque
1214 811 1497 896 periculo
1560 818 1677 880 aut
1730 813 2032 881 scandalo
2097 813 2362 882 ecclesia
2405 811 2840 880 Gnenznensis
2889 805 3160 882 debeat.

779 931 1009 982 vacare
1050 919 1629 999 quantumcumque
1670 915 1795 982 diu.
1880 916 2300 984 sanctitatem
2362 921 2644 984 vestram
2708 915 2970 984 tandem
3013 934 3126 982 vs-
3147 959 3164 968 -

778 1015 914 1084 lere
971 1020 1145 1100 opto.
1234 1016 1339 1084 Ex
1386 1017 1579 1085 Vilna
1642 1017 1848 1086 XXII.
1918 1018 2162 1086 Mensis
2227 1017 2565 1086 Februarii
2633 1019 2816 1107 Auno
2885 1016 3160 1086 domini..

778 1115 1119 1186 Millesimo
1164 1118 1786 1204 quadringentesimo
1832 1119 2260 1206 octuagesimo
2302 1121 2528 1206 primo.

1188 1219 1494 1289 Eiusdem
1532 1220 1906 1290 sanctitatis
1948 1228 2166 1290 vestre

1840 1324 2132 1392 Devotus
2173 1323 2342 1392 filius
2381 1323 2922 1392 Kazimirus

2149 1428 2290 1496 Rex
2331 1427 2617 1496 Polonie.

982 1531 1069 1614 (A
1110 1529 1327 1614 temo).
1392 1529 1803 1598 Sanctissimo
1845 1531 1914 1598 in
1957 1531 2197 1600 cbristo
2241 1530 2410 1614 patri
2457 1534 2526 1597 et
2567 1529 2820 1596 domino
2863 1529 3158 1596 domino·

780 1627 962 1698 Sixto
1010 1630 1223 1698 divina
1262 1631 1673 1716 providencia
1714 1632 2134 1702 Secrossncte
2175 1634 2459 1702 Romane
2521 1631 2790 1700 ecclesie
2857 1630 3154 1712 Summo.-

776 1730 1061 1816 pontifici
1100 1733 1354 1802 domino
1397 1734 1860 1803 colendissimo.

1250 1866 1517 1938 (Archaeuo'
1473 1870 1487 1883 '
1548 1867 1611 1924 da·
1640 1861 1805 1926 Stato'
1840 1867 2105 1940 Vanesia).

778 1950 942 2008 sono
975 1951 1051 2009 aa
1088 1951 1197 2008 atti
1227 1951 1383 2009 dona
1412 1952 1593 2012 euri·
1630 1953 1896 2012 Romam
1929 1953 2118 2012 Bam
2148 1955 2237 2012 ss.
2275 1953 2519 2012 Polonia
2552 1953 2626 2010 N.
2664 1953 2713 2012 2.

1716 2295 2214 2374 Lxxxvn.
2317 2240 2321 2244 ”

978 2447 1353 2518 Beatissime
1394 2456 1581 2535 pater
1622 2457 1691 2518 et
1730 2449 2215 2518 clementissime
2261 2449 2529 2517 domine.
2593 2449 2755 2517 Post
2801 2467 3117 2516 commen·

774 2549 1099 2619 dationem
1140 2557 1209 2621 et
1252 2552 1585 2621 beatorum
1629 2552 1862 2637 pedum
1924 2552 2160 2622 oscula.
2246 2553 2572 2621 Reversus
2641 2552 2724 2621 ab
2765 2551 2944 2619 Urbe
2986 2551 3155 2618 Ro·-

773 2672 963 2721 mena
1006 2654 1294 2723 Servitor
1333 2674 1513 2723 meus
1555 2656 1956 2723 Venerabilis
2012 2655 2368 2723 Stanislaus
2408 2654 2806 2723 Buschenski
2851 2654 3110 2724 canoni·

776 2774 887 2825 cus
930 2758 1317 2828 Gneznensis
1358 2758 1605 2827 Retulit
1656 2759 1827 2843 apud
1870 2759 1950 2825 V.
1995 2758 2416 2827 Sanctitatem
2479 2776 2620 2825 cum
2675 2758 2911 2825 litteris
2954 2756 3117 2824 meis

776 2861 1333 2929 commendaticiis,
1378 2862 1671 2929 Gratiam
1712 2862 2158 2929 extendentem
2199 2879 2273 2928 se
2313 2861 2398 2927 ad
2435 2864 2569 2927 tres
2615 2858 3003 2927 Collationes
3047 2865 3118 2926 et

776 2962 861 3029 ad
906 2964 1035 3030 tria
1074 2962 1401 3031 Beneficia
1442 2966 1509 3031 in
1553 2964 1777 3049 Regno
1836 2982 1980 3031 meo
2036 2962 2314 3045 Polonie,
2388 2962 2728 3029 dummodo
2795 2962 2963 3028 inter
3004 2961 3119 3028 illa

769 3066 899 3133 tria
938 3084 1063 3132 non
1098 3068 1229 3135 sint
1271 3067 1393 3133 nisi
1435 3068 1563 3135 duo
1606 3072 1940 3135 reservata
2000 3066 2370 3135 obtinuisse.
2464 3064 2876 3147 Litterasque
2919 3065 3106 3131 desu—

769 3188 888 3252 per
928 3170 1133 3237 eidem
1176 3169 1477 3237 mandato
1520 3170 1599 3237 V.
1644 3168 2016 3239 Sanctitatis
2069 3167 2272 3252 gratis
2335 3166 2587 3235 Viterbi
2654 3166 2804 3233 dum
2851 3166 3108 3234 Curiam

768 3271 1003 3339 Vestre
1044 3271 1417 3339 Sanctitatis
1482 3280 1861 3355 sequeretur
1927 3291 2048 3357 per
2107 3270 2552 3339 Reverendum
2617 3276 2871 3353 patrem
2915 3270 3116 3336 domi·
3135 3313 3153 3321 -

768 3392 919 3441 num
954 3374 1027 3441 L.
1071 3374 1321 3441 Grifum
1384 3375 1768 3459 Episcopum
1827 3374 2236 3460 Eugubinum
2278 3373 2357 3442 V.
2406 3373 2468 3441 S.
2514 3371 2940 3441 Secretarium
3012 3373 3134 3441 cui

766 3474 941 3543 illam
982 3476 1188 3559 ipsam
1230 3475 1693 3559 expeditionem
1733 3478 1810 3545 V.
1852 3477 2173 3545 Sanctitas
2244 3496 2364 3561 pro
2423 3482 2575 3544 tunc
2616 3477 2868 3545 comisit
2907 3476 3124 3543 fuisse

768 3578 1063 3645 traditus.
1148 3578 1288 3646 Nec
1329 3578 1457 3646 alis
1500 3580 1936 3663 supplectione
1979 3598 2173 3665 agere
2241 3585 2653 3663 preterquam
2697 3578 3148 3664 apposicione-

768 3680 915 3749 date
958 3680 1043 3747 sd
1085 3680 1290 3749 instar
1334 3682 1483 3750 date
1525 3682 1793 3749 aliarum
1856 3684 2244 3759 Gratiarum,
2309 3700 2435 3769 que
2500 3686 2656 3749 tunc
2713 3682 2779 3747 in
2823 3682 3152 3765 proximo-

764 3800 881 3867 per
916 3782 981 3849 S.
1026 3783 1107 3849 V.
1150 3784 1551 3852 concedende
1593 3794 1796 3867 erant,
1840 3793 1910 3853 et
1942 3784 2322 3853 iamdiucius
2393 3802 2714 3852 concesse.
2799 3785 2937 3851 Nec
2984 3802 3112 3851 non

762 3885 951 3953 unius
993 3886 1129 3953 sive
1170 3886 1439 3955 duarum
1480 3888 1867 3972 Regularum
1922 3886 2297 3961 cancellarie
2338 3886 2418 3953 V.
2469 3885 2534 3953 S.
2604 3886 2671 3953 in
2715 3888 2958 3955 eisdem
3001 3888 3145 3955 lit--

766 3988 925 4056 teris
969 3990 1406 4057 ommissarum
1450 3990 1886 4075 derogatione.
1965 3991 2144 4075 Rogo
2211 3990 2478 4074 proinde
2547 3988 2612 4057 S.
2658 3989 2738 4056 V.
2811 3990 3124 4075 dignetur·

766 4090 1201 4174 predictarum
1237 4092 1595 4161 litterarum
1636 4094 2110 4177 expedicionem
2157 4094 2286 4159 iam
2327 4092 2523 4160 semel
2563 4094 3112 4176 contemplacione

766 4194 891 4261 mei
932 4212 1053 4278 per
1086 4194 1150 4263 S.
1196 4200 1473 4263 vestrm
1512 4213 1873 4264 concessam
1916 4214 2044 4263 una
2083 4214 2226 4263 cum
2271 4194 2706 4279 supplectione
2749 4196 3113 4265 defectuum

761 4298 1065 4365 mandare
1106 4298 1324 4367 debito
1366 4298 1673 4367 committi
1720 4298 1990 4366 effectui.
2081 4299 2183 4365 Ita
2241 4304 2313 4367 ut
2386 4300 2526 4383 ipse
2591 4300 2866 4368 servitor
2909 4319 3146 4382 mene„

761 4399 950 4479 michi
1004 4419 1125 4484 pro
1190 4419 1310 4469 sua
1374 4402 1434 4467 v’
1544 4406 1609 4469 te
1675 4401 1839 4469 bene
1900 4404 2371 4471 commendatus
2435 4407 2571 4471 tam
2635 4404 3109 4478 concessionem

764 4500 838 4568 V.
884 4502 946 4569 8.
990 4520 1245 4588 semper
1594 4510 1661 4572 et
1705 4504 2000 4573 stabilem
2057 4522 2188 4571 una
2231 4511 2298 4572 et
2337 4505 2590 4573 litteras
2633 4506 2883 4591 priores
2927 4524 3144 4574 meas„
