3793 5187
1574 492 1821 593 *91

613 696 939 789 promissis
984 696 1240 766 Summo
1287 694 1595 779 Pontifici,
1662 702 1728 766 et
1778 697 2174 780 requisitioni
2218 716 2332 765 sue
2379 696 2934 771 Reverendissime

614 802 1041 892 paternitatis
1088 801 1325 867 Verum
1372 800 1658 868 omnibus
1704 800 2136 880 consideratis,
2191 801 2369 867 bonis
2411 804 2821 887 respectibuS,
2871 812 2937 872 et

613 927 730 993 pro
771 904 1019 974 comuni
1059 902 1227 969 bono
1265 908 1331 970 et
1366 922 1484 986 pro
1526 902 1787 970 meliore
1858 904 2233 970 executione
2304 902 2488 971 huius
2549 906 2934 989 intentioniS,

616 1017 685 1079 et
722 1010 887 1077 bone
932 1003 1362 1089 dispositionis
1425 1009 1664 1085 nostre,
1730 1004 2051 1087 Rogamus
2097 1024 2274 1071 suam
2321 1005 2937 1077 Reverendissimam

614 1109 1059 1198 paternitatem
1119 1108 1201 1174 ad
1254 1106 1667 1175 differendum
1724 1106 1959 1174 habere
2020 1108 2180 1173 hanc
2234 1112 2514 1175 nostram
2573 1113 2937 1194 responsio·

614 1234 777 1294 nem,
824 1228 1154 1295 quousque
1196 1210 1583 1276 secretarius
1628 1214 1847 1275 noster
1891 1228 2077 1291 quem
2120 1210 2436 1277 missimus
2474 1212 2558 1278 ad
2589 1212 2938 1281 Serenissi·

614 1336 783 1385 mum
827 1313 1147 1381 dominum
1173 1311 1417 1393 Regem
1447 1310 1725 1391 Polouie,
1770 1310 1934 1378 sicut
1977 1316 2196 1378 notum
2227 1318 2326 1379 est
2366 1314 2490 1381 Sue
2521 1314 2939 1385 Reverendis-

615 1420 767 1486 sime
810 1414 1178 1500 paternitati
1218 1413 1396 1479 dabit
1435 1413 1618 1480 nobis
1657 1414 2184 1496 informationem,
2233 1416 2312 1482 de
2356 1415 2522 1483 bona
2564 1420 2936 1487 executione

618 1521 953 1599 exercituS,
1002 1534 1129 1598 qua
1170 1516 1407 1597 audita,
1477 1518 1755 1583 contenti
1827 1517 2078 1593 erimus,
2142 1518 2314 1600 quod
2356 1524 2552 1603 ponat
2606 1519 2936 1605 banchum,

618 1628 685 1691 et
727 1623 954 1701 armet,
999 1636 1240 1701 nosque
1279 1618 1360 1684 ad
1395 1619 1666 1685 celerem
1698 1619 2166 1701 expeditionem
2195 1638 2392 1702 suam,
2439 1640 2656 1690 omnes
2685 1622 2939 1692 favores

615 1729 889 1804 nostroe,
934 1722 1159 1789 libenti
1201 1720 1428 1800 animo,
1475 1720 1596 1788 sibi
1640 1720 1942 1788 dabimus.

916 1860 1017 1927 De
1058 1862 1243 1941 parte
1382 1858 1485 1922 32.

917 1962 1017 2027 De
1062 1978 1187 2027 non
1421 1960 1483 2025 4.

918 2063 1065 2130 Non
1108 2061 1336 2129 sinceri
1423 2064 1483 2127 9.

917 2198 1181 2269 (Ανσὴὶυίο
1215 2196 1274 2252 di
1304 2196 1459 2253 Scato
1492 2197 1546 2252 in
1592 2194 1832 2263 Vanesia,

617 2284 1056 2343 Deliberazioni
1090 2284 1310 2342 Senato
1344 2280 1587 2351 Seoroti,
1621 2298 1731 2353 reg
1744 2294 1783 2326 ⁰·
1809 2283 1877 2339 16
1909 2299 1956 2338 o.
1979 2282 2050 2339 83
2074 2284 2166 2355 ιθ.)

1630 2591 1928 2670 XLIII.

1324 2730 1755 2803 nccecxum.
1798 2732 1893 2801 dio
1937 2731 2046 2799 xn.
2089 2731 2241 2800 maii.

820 2918 997 2998 Quod
1039 2917 1349 2985 scribatur
1388 2917 1831 3000 circumspecto
1874 2922 1942 2986 et
1969 2917 2256 3001 prudenti
2285 2917 2421 2984 viro
2448 2917 2712 2986 Iohanni
2739 2921 2818 2988 de
2845 2939 2942 2998 re-

619 3021 939 3104 guardatis
982 3019 1319 3088 secretario
1362 3025 1577 3087 nostro
1618 3020 1785 3103 apud
1828 3019 2088 3088 nudam.
2967 3023 2972 3030 '

824 3157 1145 3224 Iohannes.
1228 3157 1325 3222 Ex
1381 3155 1580 3222 literis
1641 3157 1769 3224 tuis
1829 3155 1996 3224 datis
2059 3155 2234 3224 Bude
2294 3155 2522 3239 XXVI,
2584 3155 2826 3225 XXVII
2879 3164 2946 3226 et

622 3257 891 3326 XXVHI
926 3259 1161 3342 Aprilis
1202 3276 1393 3343 prope
1435 3258 1718 3341 preteriti
1759 3257 2054 3326 distincte
2094 3262 2159 3326 et
2201 3259 2664 3342 particulariter
2703 3259 2944 3328 intelle-

624 3361 825 3428 ximus
870 3367 999 3428 tam
1042 3360 1503 3444 responsionem
1552 3360 1668 3427 tibi
1709 3361 1922 3428 datam
1963 3380 2076 3446 per
2118 3359 2589 3429 Serenissimum
2627 3362 2944 3430 dominum

622 3464 851 3547 Regem
894 3463 1145 3530 Polonie
1187 3463 1267 3529 ad
1311 3481 1401 3544 ea,
1466 3480 1586 3547 que
1627 3466 1841 3528 nostro
1883 3464 2147 3544 nomine,
2195 3463 2313 3530 sibi
2357 3464 2711 3548 exposuisti,
2760 3484 2946 3549 quam

620 3567 807 3633 etiam
840 3584 955 3650 per
982 3563 1582 3632 Reverendissimum
1610 3564 1926 3632 dominum
1959 3564 2350 3632 Cardinalem
2380 3567 2581 3634 sancti
2607 3568 2828 3651 Angeli
2857 3569 2946 3636 le-

622 3675 833 3752 gatum
865 3667 1290 3752 Apostolicum
1334 3670 1400 3734 et
1442 3667 1682 3751 reliqua
1723 3667 1932 3740 omnia
1961 3667 2125 3733 circa
2151 3667 2658 3736 deliberationem
2695 3669 2943 3752 factam,

622 3774 690 3836 et
731 3771 896 3837 circa
940 3789 1099 3839 nova
1146 3775 1211 3837 et
1252 3771 1635 3838 conditiones
1677 3769 1818 3836 illas
1844 3769 2043 3854 Regni
2071 3769 2150 3836 de
2177 3771 2401 3853 quibus
2430 3771 2713 3838 omnibus
2748 3791 2946 3840 rema-

624 3879 843 3940 nentes
891 3873 1167 3956 plenarie
1206 3871 1523 3940 informati
1582 3877 1756 3938 tuam
1799 3870 2184 3956 diligentiam
2228 3876 2742 3941 commendamus
2819 3873 2947 3941 Ha-

625 3976 869 4042 buimus
912 3975 1103 4042 etiam
1164 3974 1379 4042 literas
1420 3974 1499 4041 ab
1542 3975 1679 4058 ipso
1721 3974 1971 4042 domino
2015 3973 2344 4042 Cardinale
2385 3976 2612 4060 legato,
2668 3978 2749 4043 ad
2792 3995 2947 4060 quas

624 4077 742 4145 sibi
784 4078 1155 4162 respondere
1196 4077 1575 4146 decrevimus
1632 4079 1796 4144 sicut
1839 4096 1951 4159 per
1993 4075 2359 4160 exemplum,
2423 4078 2590 4161 quod
2631 4079 2712 4145 ad
2757 4078 2946 4145 infor-

622 4181 956 4248 mationem
1016 4181 1131 4248 tibi
1187 4181 1494 4248 mittimus
1551 4179 1648 4245 his
1705 4179 2074 4262 implicitum
2135 4179 2362 4246 clarius
2419 4181 2651 4264 poteris
2696 4183 2942 4249 intueri.

623 4281 746 4351 Pro
790 4283 1189 4367 responsione
1242 4287 1455 4349 autem
1497 4282 1820 4348 literarum
1862 4287 2112 4348 tuarum
2154 4281 2438 4349 dicimus·
2458 4285 2624 4367 quod
2667 4283 2947 4351 volumus

621 4391 696 4454 nt
736 4387 819 4456 ad
861 4391 1258 4470 conspectum
1300 4385 1469 4453 illius
1515 4383 1906 4452 Serenissimi
1948 4383 2183 4452 domini
2225 4383 2411 4470 Regis
2457 4384 2682 4453 debeas
2711 4389 2774 4452 te
2803 4403 2946 4451 con-

2611 4505 2646 4561 ‘1
