3793 5187
1776 464 1858 531 83

656 662 919 730 dicimus
963 668 1093 729 tam
1133 682 1273 729 cum
1312 664 1613 746 predictis
1662 664 1902 730 Comitc
1952 664 2312 731 Mathicone
2361 670 2426 731 et
2465 666 2688 732 Banno
2731 667 2976 732 Franco

658 772 846 847 quam
890 766 1081 832 etiam
1148 784 1287 833 cum
1346 765 1759 833 Serenissimo
1817 766 1994 850 Rege
2051 768 2358 849 predicto,
2417 768 2482 834 in
2527 787 2678 835 casu
2731 788 2855 851 quo
2901 771 2981 837 de

654 868 781 935 ista
820 868 1087 935 materia
1124 869 1337 950 aliqua
1382 870 1641 951 querela
1700 868 1870 935 facta
1934 868 2159 937 fuisset
2223 888 2337 936 seu
2393 870 2577 937 fieret
2626 890 2740 937 sue
2783 872 2980 955 Regie

656 971 995 1038 Maiestati.
1082 971 1427 1038 Reddimur
1472 990 1745 1053 namque
1788 972 2139 1052 certissimi,
2203 973 2373 1055 quod
2414 973 2582 1039 idem
2626 974 2980 1041 Reverend.

656 1074 943 1141 dominus
985 1074 1266 1157 Legatus
1312 1078 1577 1157 propter
1605 1075 1868 1140 multam
1899 1076 2032 1140 eius
2062 1072 2453 1141 affectionem
2484 1077 2566 1142 ad
2595 1096 2730 1157 noS,
2775 1079 2982 1144 omnia

656 1176 879 1243 libenti
920 1178 1129 1243 animo
1186 1176 1395 1256 faciet,
1452 1182 1671 1243 nostro
1723 1176 1974 1242 intuitu.
2047 1176 2285 1243 Verum
2329 1180 2383 1244 si
2428 1179 2506 1245 de
2549 1178 2729 1245 factis
2773 1180 2982 1245 Polize

657 1283 723 1344 et
763 1278 1079 1345 Dalmisse
1138 1278 1373 1344 nullam
1438 1278 1889 1358 querimoniam
1955 1283 2067 1343 aut
2108 1280 2488 1345 mentionem
2534 1280 2672 1347 fieri
2715 1282 2984 1347 sentires

654 1380 719 1447 in
760 1380 1053 1464 partibus
1094 1380 1241 1461 illis,
1301 1380 1606 1461 volumus,
1672 1380 1843 1461 quod
1903 1386 1972 1445 tu
2017 1380 2304 1447 similiter
2345 1382 2535 1448 nichil
2575 1384 2640 1449 in
2680 1384 2984 1466 predictis

657 1482 867 1549 dicere
912 1482 1163 1549 debeas.

858 1584 1147 1651 Fecimus
1188 1584 1409 1651 literas
1450 1589 1704 1651 nostras
1747 1584 2162 1651 credentiales
2205 1586 2576 1653 dirrectivas
2617 1587 2700 1653 ad
2736 1586 2982 1670 Magni-

655 1686 841 1753 ficum
887 1686 1299 1770 Capitaneum
1346 1686 1387 1753 J
1389 1705 1632 1767 anuem,
1678 1684 1964 1753 volentes
2013 1691 2078 1753 et
2119 1688 2490 1753 mandantes
2533 1688 2669 1769 tibi,
2717 1690 2886 1770 quod
2929 1690 2986 1756 si

656 1790 837 1857 Bude
885 1792 986 1857 vel
1024 1790 1091 1856 in
1127 1790 1283 1856 locis
1326 1790 1451 1855 illis
1518 1789 1820 1871 proximis
1860 1807 1930 1855 se
1974 1791 2331 1871 repperiret
2368 1789 2451 1855 ad
2495 1791 2628 1857 eius
2673 1792 2982 1857 visitatio-

658 1900 802 1959 nem
844 1897 912 1959 te
956 1891 1296 1972 conferres,
1357 1896 1423 1957 et
1472 1891 1588 1957 sub
1634 1890 1871 1957 eisdem
1915 1892 2146 1959 litteris
2207 1892 2600 1959 credulitatis
2642 1893 2826 1961 factis
2871 1913 2984 1963 sue

654 1995 1123 2079 Magnificentie
1186 1994 1670 2063 salutat-ionibus
1718 1998 1784 2061 et
1824 1994 2248 2062 oblationibus
2315 1998 2708 2077 opportunis,
2771 1996 2982 2063 verbis

661 2098 1174 2165 convenientibus
1232 2108 1442 2164 secum
1509 2099 1712 2163 nostri
1760 2102 1945 2179 parte
1991 2098 2531 2181 congratulaberis
2571 2098 2650 2164 de
2693 2100 2984 2182 gloriosis

658 2201 941 2269 victoriis
983 2220 1097 2285 per
1142 2220 1285 2267 eum
1329 2200 1623 2279 obtentiS‚
1682 2200 2002 2266 mediante
2050 2200 2262 2266 divina
2307 2200 2638 2267 clementia
2680 2208 2746 2267 et
2786 2202 2987 2267 multa

654 2304 1173 2387 magnanimitate
1215 2309 1280 2370 et
1323 2304 1557 2371 virtute
1603 2322 1737 2382 sua,
1784 2301 2102 2371 offerendo
2147 2323 2262 2370 nos
2297 2311 2362 2370 et
2390 2310 2674 2371 nostram
2703 2322 2838 2371 rem
2867 2323 2982 2387 pu-

654 2406 883 2473 blicam
940 2407 1025 2473 ad
1082 2406 1355 2474 honores
1413 2414 1479 2473 et
1538 2408 1803 2473 comoda
1865 2405 2334 2490 Magnificentie
2399 2425 2513 2472 sue
2580 2410 2720 2472 tota
2772 2412 2982 2473 mente

656 2510 1013 2595 dispositos.

860 2611 1163 2680 Similiter
1206 2613 1399 2679 etiam
1443 2612 1561 2679 tibi
1606 2613 1744 2678 dari
1802 2611 2060 2679 fecimus
2125 2612 2346 2678 literas
2411 2612 2805 2678 credulitatis
2853 2611 2983 2677 dir-

653 2716 926 2782 rectivas
968 2713 1302 2798 Magnifico
1336 2715 1565 2782 Comiti
1607 2715 1956 2782 Mathiconi
2001 2720 2067 2781 et
2107 2715 2327 2782 Banno
2359 2715 2603 2782 Franco
2647 2714 2832 2780 fratri
2869 2732 2982 2780 suo

656 2817 961 2896 volentes,
1020 2818 1187 2900 quod
1236 2819 1291 2885 si
1331 2818 1513 2884 Bude
1556 2837 1625 2884 se
1662 2820 2028 2901 repperient
2081 2837 2220 2884 cum
2274 2817 2522 2900 prefato
2567 2817 2981 2884 Serenissimo

656 2920 833 3004 Rege
876 2921 958 2987 ad
1002 2939 1219 2987 eorum
1262 2921 1687 2988 visitationem
1732 2921 2016 3000 accedas
2066 2926 2132 2987 et
2161 2923 2276 2986 sub
2307 2920 2542 2986 nostris
2571 2920 2804 2986 litteris
2834 2936 2981 3002 pre-

656 3023 841 3090 dictis
884 3028 1033 3106 post
1076 3023 1491 3090 salutationes
1536 3029 1603 3090 et
1646 3022 2000 3089 oblationes
2047 3042 2185 3090 cum
2238 3022 2420 3090 bonis
2477 3027 2543 3088 et
2582 3020 2982 3105 generalibus

652 3125 863 3192 verbis
913 3144 1034 3207 que
1080 3126 1197 3193 tibi
1232 3125 1415 3192 utilia
1458 3126 1855 3205 videbuntur,
1914 3125 2138 3192 offeres
2184 3131 2466 3192 nostrum
2511 3125 2854 3192 dominium
2897 3125 2982 3190 ad

654 3233 881 3296 cuncta
936 3246 1152 3295 eorum
1209 3227 1606 3310 beneplacita
1662 3230 2150 3311 paratissimum.
2230 3229 2374 3295 Non
2420 3227 2708 3294 faciendo
2771 3231 2982 3292 tamen

652 3331 841 3397 modo
886 3332 1117 3413 aliquo,
1165 3330 1453 3428 'aliquam
1505 3331 1885 3398 mentionem
1933 3331 2012 3396 de
2054 3330 2237 3396 factis
2279 3330 2496 3396 Polize
2539 3334 2605 3396 et
2647 3329 2980 3408 Dalmisse‚

651 3432 773 3500 nisi
818 3433 883 3500 in
931 3433 1199 3513 casibus,
1247 3433 1327 3500 de
1371 3433 1597 3515 quibus
1642 3433 1757 3500 tibi
1800 3433 2088 3516 superius
2129 3432 2389 3500 fecimus
2431 3432 2831 3498 mentionem.

954 3555 1055 3621 De
1097 3559 1281 3637 parte
1325 3557 1427 3618 72.

1141 3742 1260 3808 Ser
1304 3741 1577 3808 Thomas
1619 3737 1891 3809 Michael

1140 3845 1260 3912 Ser
1305 3843 1537 3911 Paulus
1582 3843 1791 3910 Truno
1838 3848 2218 3926 procurator
2340 3911 2348 3918 ,

1141 3947 1260 4014 Ser
1304 3946 1645 4013 Federicus
1686 3947 2045 4014 Contareno

1141 4049 1261 4116 Ser
1302 4049 1681 4116 Hermolaus
1723 4050 1977 4115 Donato

1254 4151 1585 4234 Sapientes
1632 4152 1895 4218 consilii.

1140 4253 1260 4321 Ser
1303 4254 1591 4321 Andreas
1634 4254 1964 4320 Bernardo

1207 4355 1474 4443 Sapiens
1519 4361 1690 4425 terre
1729 4353 1910 4424 firme
