<?xml version="1.0" encoding="UTF-8"?>
<!DOCTYPE html PUBLIC "-//W3C//DTD XHTML 1.0 Transitional//EN"
    "http://www.w3.org/TR/xhtml1/DTD/xhtml1-transitional.dtd">
<html xmlns="http://www.w3.org/1999/xhtml" xml:lang="en" lang="en">
 <head>
  <title>
</title>
<meta http-equiv="Content-Type" content="text/html;charset=utf-8" />
  <meta name='ocr-system' content='tesseract 3.04.00' />
  <meta name='ocr-capabilities' content='ocr_page ocr_carea ocr_par ocr_line ocrx_word'/>
</head>
<body>
  <div class='ocr_page' id='page_1' title='image "./fontesrerumpolo00unkngoog_0118.png"; bbox 0 0 3793 5187; ppageno 0'>
   <div class='ocr_carea' id='block_1_1' title="bbox 1758 466 1879 533">
    <p class='ocr_par' dir='ltr' id='par_1_1' title="bbox 1758 466 1879 533">
     <span class='ocr_line' id='line_1_1' title="bbox 1758 466 1879 533; baseline 0.033 -4"><span class='ocrx_word' id='word_1_1' title='bbox 1758 466 1879 533; x_wconf 92' lang='lat'>11·1</span> 
     </span>
    </p>
   </div>
   <div class='ocr_carea' id='block_1_2' title="bbox 1620 557 2028 568">
    <p class='ocr_par' dir='ltr' id='par_1_2' title="bbox 1620 557 2028 568">
     <span class='ocr_line' id='line_1_2' title="bbox 1620 557 2028 568; baseline 0 0"><span class='ocrx_word' id='word_1_2' title='bbox 1620 557 2028 568; x_wconf 95' lang='lat' dir='ltr'> </span> 
     </span>
    </p>
   </div>
   <div class='ocr_carea' id='block_1_3' title="bbox 626 672 2997 4461">
    <p class='ocr_par' dir='ltr' id='par_1_3' title="bbox 640 672 2997 2606">
     <span class='ocr_line' id='line_1_3' title="bbox 660 672 2997 755; baseline 0.001 -18"><span class='ocrx_word' id='word_1_3' title='bbox 660 692 823 737; x_wconf 89' lang='lat' dir='ltr'>anno</span> <span class='ocrx_word' id='word_1_4' title='bbox 870 672 1089 755; x_wconf 87' lang='lat' dir='ltr'>elapso</span> <span class='ocrx_word' id='word_1_5' title='bbox 1158 679 1549 739; x_wconf 80' lang='lat' dir='ltr'><strong>asserentem</strong></span> <span class='ocrx_word' id='word_1_6' title='bbox 1614 692 1741 739; x_wconf 91' lang='lat' dir='ltr'>non</span> <span class='ocrx_word' id='word_1_7' title='bbox 1806 672 2082 740; x_wconf 90' lang='lat' dir='ltr'>valuisse</span> <span class='ocrx_word' id='word_1_8' title='bbox 2138 692 2178 739; x_wconf 86' lang='lat' dir='ltr'>a</span> <span class='ocrx_word' id='word_1_9' title='bbox 2235 673 2417 741; x_wconf 92' lang='lat' dir='ltr'>nobis</span> <span class='ocrx_word' id='word_1_10' title='bbox 2469 672 2707 739; x_wconf 88' lang='lat' dir='ltr'>habere</span> <span class='ocrx_word' id='word_1_11' title='bbox 2751 672 2997 739; x_wconf 87' lang='lat' dir='ltr'>salvum</span> 
     </span>
     <span class='ocr_line' id='line_1_4' title="bbox 652 776 2996 858; baseline 0 -17"><span class='ocrx_word' id='word_1_12' title='bbox 652 777 1049 856; x_wconf 90' lang='lat' dir='ltr'>conductum,</span> <span class='ocrx_word' id='word_1_13' title='bbox 1092 776 1381 842; x_wconf 91' lang='lat' dir='ltr'>volumus</span> <span class='ocrx_word' id='word_1_14' title='bbox 1428 782 1495 843; x_wconf 90' lang='lat' dir='ltr'>et</span> <span class='ocrx_word' id='word_1_15' title='bbox 1542 776 1659 843; x_wconf 89' lang='lat' dir='ltr'>tibi</span> <span class='ocrx_word' id='word_1_16' title='bbox 1702 776 2074 843; x_wconf 87' lang='lat' dir='ltr'>mandamus</span> <span class='ocrx_word' id='word_1_17' title='bbox 2117 781 2190 842; x_wconf 92' lang='lat' dir='ltr'>ut</span> <span class='ocrx_word' id='word_1_18' title='bbox 2234 780 2490 858; x_wconf 87' lang='lat' dir='ltr'>captato</span> <span class='ocrx_word' id='word_1_19' title='bbox 2525 780 2814 857; x_wconf 87' lang='lat' dir='ltr'>tempore</span> <span class='ocrx_word' id='word_1_20' title='bbox 2855 794 2996 841; x_wconf 90' lang='lat' dir='ltr'>cum</span> 
     </span>
     <span class='ocr_line' id='line_1_5' title="bbox 651 878 2993 962; baseline 0 -19"><span class='ocrx_word' id='word_1_21' title='bbox 651 878 764 944; x_wconf 90' lang='lat' dir='ltr'>tibi</span> <span class='ocrx_word' id='word_1_22' title='bbox 812 879 895 944; x_wconf 89' lang='lat' dir='ltr'>ad</span> <span class='ocrx_word' id='word_1_23' title='bbox 932 880 1329 962; x_wconf 90' lang='lat' dir='ltr'>propositum</span> <span class='ocrx_word' id='word_1_24' title='bbox 1374 885 1682 959; x_wconf 88' lang='lat' dir='ltr'>occurret,</span> <span class='ocrx_word' id='word_1_25' title='bbox 1737 880 1803 945; x_wconf 91' lang='lat' dir='ltr'>in</span> <span class='ocrx_word' id='word_1_26' title='bbox 1847 879 2178 960; x_wconf 84' lang='lat' dir='ltr'><strong>colloquiis</strong></span> <span class='ocrx_word' id='word_1_27' title='bbox 2225 897 2348 960; x_wconf 89' lang='lat' dir='ltr'>que</span> <span class='ocrx_word' id='word_1_28' title='bbox 2393 898 2533 944; x_wconf 90' lang='lat' dir='ltr'>cum</span> <span class='ocrx_word' id='word_1_29' title='bbox 2580 878 2833 943; x_wconf 91' lang='lat' dir='ltr'>domino</span> <span class='ocrx_word' id='word_1_30' title='bbox 2883 878 2993 944; x_wconf 88' lang='lat' dir='ltr'>de-</span> 
     </span>
     <span class='ocr_line' id='line_1_6' title="bbox 653 980 2994 1063; baseline 0 -16"><span class='ocrx_word' id='word_1_31' title='bbox 653 1000 807 1047; x_wconf 86' lang='lat' dir='ltr'>cano</span> <span class='ocrx_word' id='word_1_32' title='bbox 854 987 921 1047; x_wconf 88' lang='lat' dir='ltr'>et</span> <span class='ocrx_word' id='word_1_33' title='bbox 962 981 1102 1047; x_wconf 87' lang='lat' dir='ltr'>aliis</span> <span class='ocrx_word' id='word_1_34' title='bbox 1152 982 1260 1063; x_wconf 89' lang='lat' dir='ltr'>qui</span> <span class='ocrx_word' id='word_1_35' title='bbox 1296 981 1414 1047; x_wconf 92' lang='lat' dir='ltr'>tibi</span> <span class='ocrx_word' id='word_1_36' title='bbox 1456 980 1834 1047; x_wconf 86' lang='lat' dir='ltr'>videbuntur</span> <span class='ocrx_word' id='word_1_37' title='bbox 1901 980 2165 1047; x_wconf 85' lang='lat' dir='ltr'>habebis</span> <span class='ocrx_word' id='word_1_38' title='bbox 2225 982 2437 1047; x_wconf 84' lang='lat' dir='ltr'>dicere</span> <span class='ocrx_word' id='word_1_39' title='bbox 2498 980 2734 1048; x_wconf 82' lang='lat' dir='ltr'>debeas</span> <span class='ocrx_word' id='word_1_40' title='bbox 2773 998 2994 1047; x_wconf 87' lang='lat' dir='ltr'>verum</span> 
     </span>
     <span class='ocr_line' id='line_1_7' title="bbox 654 1082 2992 1165; baseline -0 -17"><span class='ocrx_word' id='word_1_41' title='bbox 654 1102 793 1149; x_wconf 89' lang='lat' dir='ltr'>esse</span> <span class='ocrx_word' id='word_1_42' title='bbox 840 1085 1013 1165; x_wconf 89' lang='lat' dir='ltr'>quod</span> <span class='ocrx_word' id='word_1_43' title='bbox 1060 1103 1225 1149; x_wconf 87' lang='lat' dir='ltr'>anno</span> <span class='ocrx_word' id='word_1_44' title='bbox 1275 1084 1513 1165; x_wconf 88' lang='lat' dir='ltr'>elapso,</span> <span class='ocrx_word' id='word_1_45' title='bbox 1558 1083 1697 1165; x_wconf 87' lang='lat' dir='ltr'>ipse</span> <span class='ocrx_word' id='word_1_46' title='bbox 1748 1082 2201 1149; x_wconf 88' lang='lat' dir='ltr'>Serenissimus</span> <span class='ocrx_word' id='word_1_47' title='bbox 2241 1082 2528 1149; x_wconf 88' lang='lat' dir='ltr'>dominus</span> <span class='ocrx_word' id='word_1_48' title='bbox 2575 1082 2716 1147; x_wconf 87' lang='lat' dir='ltr'>Rex</span> <span class='ocrx_word' id='word_1_49' title='bbox 2745 1082 2992 1165; x_wconf 83' lang='lat' dir='ltr'>Arago-</span> 
     </span>
     <span class='ocr_line' id='line_1_8' title="bbox 648 1184 2994 1269; baseline 0 -18"><span class='ocrx_word' id='word_1_50' title='bbox 648 1206 799 1252; x_wconf 89' lang='lat' dir='ltr'>num</span> <span class='ocrx_word' id='word_1_51' title='bbox 839 1188 1037 1269; x_wconf 88' lang='lat' dir='ltr'>peciit</span> <span class='ocrx_word' id='word_1_52' title='bbox 1078 1192 1368 1253; x_wconf 90' lang='lat' dir='ltr'>nostrum</span> <span class='ocrx_word' id='word_1_53' title='bbox 1436 1186 1681 1251; x_wconf 86' lang='lat' dir='ltr'>salvum</span> <span class='ocrx_word' id='word_1_54' title='bbox 1725 1187 2104 1253; x_wconf 90' lang='lat' dir='ltr'>conductum</span> <span class='ocrx_word' id='word_1_55' title='bbox 2170 1205 2288 1267; x_wconf 92' lang='lat' dir='ltr'>pro</span> <span class='ocrx_word' id='word_1_56' title='bbox 2357 1204 2483 1251; x_wconf 91' lang='lat' dir='ltr'>non</span> <span class='ocrx_word' id='word_1_57' title='bbox 2537 1184 2726 1251; x_wconf 92' lang='lat' dir='ltr'>nullis</span> <span class='ocrx_word' id='word_1_58' title='bbox 2771 1185 2994 1267; x_wconf 88' lang='lat' dir='ltr'>galeis,</span> 
     </span>
     <span class='ocr_line' id='line_1_9' title="bbox 654 1286 2994 1371; baseline -0.001 -16"><span class='ocrx_word' id='word_1_59' title='bbox 654 1290 733 1355; x_wconf 90' lang='lat' dir='ltr'>de</span> <span class='ocrx_word' id='word_1_60' title='bbox 773 1308 898 1371; x_wconf 88' lang='lat' dir='ltr'>quo</span> <span class='ocrx_word' id='word_1_61' title='bbox 945 1286 1233 1371; x_wconf 86' lang='lat' dir='ltr'>profecto</span> <span class='ocrx_word' id='word_1_62' title='bbox 1280 1289 1577 1355; x_wconf 88' lang='lat' dir='ltr'>admirati</span> <span class='ocrx_word' id='word_1_63' title='bbox 1626 1289 1854 1355; x_wconf 87' lang='lat' dir='ltr'>fuimus</span> <span class='ocrx_word' id='word_1_64' title='bbox 1912 1308 2051 1355; x_wconf 92' lang='lat' dir='ltr'>cum</span> <span class='ocrx_word' id='word_1_65' title='bbox 2099 1309 2174 1355; x_wconf 88' lang='lat' dir='ltr'>eo</span> <span class='ocrx_word' id='word_1_66' title='bbox 2219 1294 2506 1371; x_wconf 88' lang='lat' dir='ltr'>tempore</span> <span class='ocrx_word' id='word_1_67' title='bbox 2551 1289 2646 1353; x_wconf 91' lang='lat' dir='ltr'>uti</span> <span class='ocrx_word' id='word_1_68' title='bbox 2693 1292 2885 1353; x_wconf 88' lang='lat' dir='ltr'>antea</span> <span class='ocrx_word' id='word_1_69' title='bbox 2927 1298 2994 1354; x_wconf 88' lang='lat' dir='ltr'>et</span> 
     </span>
     <span class='ocr_line' id='line_1_10' title="bbox 653 1390 2992 1473; baseline 0 -17"><span class='ocrx_word' id='word_1_70' title='bbox 653 1391 730 1456; x_wconf 90' lang='lat' dir='ltr'>de</span> <span class='ocrx_word' id='word_1_71' title='bbox 768 1392 1050 1473; x_wconf 84' lang='lat' dir='ltr'>presenti</span> <span class='ocrx_word' id='word_1_72' title='bbox 1094 1391 1295 1473; x_wconf 83' lang='lat' dir='ltr'>galee,</span> <span class='ocrx_word' id='word_1_73' title='bbox 1342 1395 1409 1456; x_wconf 84' lang='lat' dir='ltr'>et</span> <span class='ocrx_word' id='word_1_74' title='bbox 1450 1410 1647 1459; x_wconf 88' lang='lat' dir='ltr'>naves</span> <span class='ocrx_word' id='word_1_75' title='bbox 1683 1410 1797 1458; x_wconf 90' lang='lat' dir='ltr'>sue</span> <span class='ocrx_word' id='word_1_76' title='bbox 1839 1392 1908 1457; x_wconf 91' lang='lat' dir='ltr'>in</span> <span class='ocrx_word' id='word_1_77' title='bbox 1950 1391 2142 1457; x_wconf 88' lang='lat' dir='ltr'>terris</span> <span class='ocrx_word' id='word_1_78' title='bbox 2189 1395 2254 1457; x_wconf 88' lang='lat' dir='ltr'>et</span> <span class='ocrx_word' id='word_1_79' title='bbox 2294 1390 2450 1457; x_wconf 91' lang='lat' dir='ltr'>locis</span> <span class='ocrx_word' id='word_1_80' title='bbox 2481 1392 2738 1471; x_wconf 79' lang='lat' dir='ltr'>nostriS,</span> <span class='ocrx_word' id='word_1_81' title='bbox 2785 1396 2852 1458; x_wconf 92' lang='lat' dir='ltr'>et</span> <span class='ocrx_word' id='word_1_82' title='bbox 2877 1410 2992 1457; x_wconf 91' lang='lat' dir='ltr'>no-</span> 
     </span>
     <span class='ocr_line' id='line_1_11' title="bbox 654 1492 2990 1574; baseline 0 -15"><span class='ocrx_word' id='word_1_83' title='bbox 654 1498 783 1561; x_wconf 86' lang='lat' dir='ltr'>stre</span> <span class='ocrx_word' id='word_1_84' title='bbox 826 1494 891 1558; x_wconf 91' lang='lat' dir='ltr'>in</span> <span class='ocrx_word' id='word_1_85' title='bbox 932 1494 1083 1573; x_wconf 91' lang='lat' dir='ltr'>suis,</span> <span class='ocrx_word' id='word_1_86' title='bbox 1154 1498 1524 1560; x_wconf 78' lang='lat' dir='ltr'>conversata</span> <span class='ocrx_word' id='word_1_87' title='bbox 1571 1492 1841 1574; x_wconf 86' lang='lat' dir='ltr'>fuerant,</span> <span class='ocrx_word' id='word_1_88' title='bbox 1911 1493 2452 1559; x_wconf 88' lang='lat' dir='ltr'>conversabantur</span> <span class='ocrx_word' id='word_1_89' title='bbox 2503 1498 2569 1558; x_wconf 86' lang='lat' dir='ltr'>et</span> <span class='ocrx_word' id='word_1_90' title='bbox 2613 1511 2990 1561; x_wconf 83' lang='lat' dir='ltr'>conversan-</span> 
     </span>
     <span class='ocr_line' id='line_1_12' title="bbox 652 1595 2993 1679; baseline 0.001 -18"><span class='ocrx_word' id='word_1_91' title='bbox 652 1601 775 1677; x_wconf 89' lang='lat' dir='ltr'>tur,</span> <span class='ocrx_word' id='word_1_92' title='bbox 824 1602 898 1662; x_wconf 90' lang='lat' dir='ltr'>ut</span> <span class='ocrx_word' id='word_1_93' title='bbox 942 1616 1083 1661; x_wconf 89' lang='lat' dir='ltr'>cum</span> <span class='ocrx_word' id='word_1_94' title='bbox 1124 1595 1307 1662; x_wconf 92' lang='lat' dir='ltr'>bonis</span> <span class='ocrx_word' id='word_1_95' title='bbox 1368 1598 1587 1664; x_wconf 88' lang='lat' dir='ltr'>amicis</span> <span class='ocrx_word' id='word_1_96' title='bbox 1633 1602 1699 1664; x_wconf 90' lang='lat' dir='ltr'>et</span> <span class='ocrx_word' id='word_1_97' title='bbox 1742 1598 1904 1665; x_wconf 87' lang='lat' dir='ltr'>bene</span> <span class='ocrx_word' id='word_1_98' title='bbox 1944 1598 2239 1663; x_wconf 89' lang='lat' dir='ltr'>videntur</span> <span class='ocrx_word' id='word_1_99' title='bbox 2287 1604 2481 1679; x_wconf 91' lang='lat' dir='ltr'>atque</span> <span class='ocrx_word' id='word_1_100' title='bbox 2525 1601 2882 1662; x_wconf 80' lang='lat' dir='ltr'>tractantur</span> <span class='ocrx_word' id='word_1_101' title='bbox 2925 1601 2993 1663; x_wconf 90' lang='lat' dir='ltr'>et</span> 
     </span>
     <span class='ocr_line' id='line_1_13' title="bbox 649 1698 2992 1781; baseline 0 -16"><span class='ocrx_word' id='word_1_102' title='bbox 649 1704 997 1781; x_wconf 88' lang='lat' dir='ltr'>propterea</span> <span class='ocrx_word' id='word_1_103' title='bbox 1043 1698 1282 1765; x_wconf 89' lang='lat' dir='ltr'>dictum</span> <span class='ocrx_word' id='word_1_104' title='bbox 1326 1699 1570 1765; x_wconf 89' lang='lat' dir='ltr'>salvum</span> <span class='ocrx_word' id='word_1_105' title='bbox 1615 1700 1992 1766; x_wconf 87' lang='lat' dir='ltr'>conductum</span> <span class='ocrx_word' id='word_1_106' title='bbox 2037 1718 2164 1765; x_wconf 90' lang='lat' dir='ltr'>non</span> <span class='ocrx_word' id='word_1_107' title='bbox 2212 1718 2354 1765; x_wconf 89' lang='lat' dir='ltr'>esse</span> <span class='ocrx_word' id='word_1_108' title='bbox 2398 1701 2840 1765; x_wconf 87' lang='lat' dir='ltr'>necessarium.</span> <span class='ocrx_word' id='word_1_109' title='bbox 2903 1698 2992 1765; x_wconf 91' lang='lat' dir='ltr'>Et</span> 
     </span>
     <span class='ocr_line' id='line_1_14' title="bbox 652 1801 2988 1885; baseline 0.002 -18"><span class='ocrx_word' id='word_1_110' title='bbox 652 1801 1254 1884; x_wconf 87' lang='lat' dir='ltr'>comprehendentes</span> <span class='ocrx_word' id='word_1_111' title='bbox 1301 1803 1472 1883; x_wconf 87' lang='lat' dir='ltr'>quod</span> <span class='ocrx_word' id='word_1_112' title='bbox 1544 1801 1659 1868; x_wconf 89' lang='lat' dir='ltr'>sub</span> <span class='ocrx_word' id='word_1_113' title='bbox 1720 1801 1841 1868; x_wconf 88' lang='lat' dir='ltr'>hoc</span> <span class='ocrx_word' id='word_1_114' title='bbox 1884 1806 2202 1885; x_wconf 84' lang='lat' dir='ltr'>pretextu,</span> <span class='ocrx_word' id='word_1_115' title='bbox 2266 1802 2392 1866; x_wconf 84' lang='lat' dir='ltr'>alia</span> <span class='ocrx_word' id='word_1_116' title='bbox 2434 1806 2687 1867; x_wconf 86' lang='lat' dir='ltr'>tentare</span> <span class='ocrx_word' id='word_1_117' title='bbox 2731 1801 2988 1883; x_wconf 78' lang='lat' dir='ltr'>vellent,</span> 
     </span>
     <span class='ocr_line' id='line_1_15' title="bbox 645 1904 2983 1999; baseline 0 -30"><span class='ocrx_word' id='word_1_118' title='bbox 645 1904 913 1969; x_wconf 84' lang='lat' dir='ltr'>diximus</span> <span class='ocrx_word' id='word_1_119' title='bbox 956 1923 1083 1969; x_wconf 91' lang='lat' dir='ltr'>non</span> <span class='ocrx_word' id='word_1_120' title='bbox 1130 1923 1270 1971; x_wconf 87' lang='lat' dir='ltr'>esse</span> <span class='ocrx_word' id='word_1_121' title='bbox 1316 1904 1710 1985; x_wconf 81' lang='lat' dir='ltr'>convenienS,</span> <span class='ocrx_word' id='word_1_122' title='bbox 1777 1923 1895 1970; x_wconf 91' lang='lat' dir='ltr'>nec</span> <span class='ocrx_word' id='word_1_123' title='bbox 1959 1905 2220 1971; x_wconf 87' lang='lat' dir='ltr'>honoris</span> <span class='ocrx_word' id='word_1_124' title='bbox 2268 1905 2566 1999; x_wconf 79' lang='lat' dir='ltr'>partium,</span> <span class='ocrx_word' id='word_1_125' title='bbox 2607 1910 2708 1979; x_wconf 62' lang='grc' dir='ltr'>,ιιι</span> <span class='ocrx_word' id='word_1_126' title='bbox 2769 1908 2983 1970; x_wconf 88' lang='lat' dir='ltr'>stante</span> 
     </span>
     <span class='ocr_line' id='line_1_16' title="bbox 640 2006 2984 2089; baseline -0 -17"><span class='ocrx_word' id='word_1_127' title='bbox 640 2007 809 2072; x_wconf 86' lang='lat' dir='ltr'>bona</span> <span class='ocrx_word' id='word_1_128' title='bbox 860 2007 1145 2072; x_wconf 88' lang='lat' dir='ltr'>amicicia</span> <span class='ocrx_word' id='word_1_129' title='bbox 1209 2014 1275 2073; x_wconf 90' lang='lat' dir='ltr'>et</span> <span class='ocrx_word' id='word_1_130' title='bbox 1338 2007 1768 2073; x_wconf 87' lang='lat' dir='ltr'>benivolentia</span> <span class='ocrx_word' id='word_1_131' title='bbox 1829 2026 1954 2089; x_wconf 91' lang='lat' dir='ltr'>que</span> <span class='ocrx_word' id='word_1_132' title='bbox 2015 2008 2182 2073; x_wconf 91' lang='lat' dir='ltr'>inter</span> <span class='ocrx_word' id='word_1_133' title='bbox 2240 2025 2356 2071; x_wconf 93' lang='lat' dir='ltr'>nos</span> <span class='ocrx_word' id='word_1_134' title='bbox 2402 2007 2577 2089; x_wconf 88' lang='lat' dir='ltr'>viget</span> <span class='ocrx_word' id='word_1_135' title='bbox 2623 2006 2984 2072; x_wconf 89' lang='lat' dir='ltr'>huiusmodi</span> 
     </span>
     <span class='ocr_line' id='line_1_17' title="bbox 643 2108 2980 2192; baseline -0 -18"><span class='ocrx_word' id='word_1_136' title='bbox 643 2109 801 2175; x_wconf 87' lang='lat' dir='ltr'>salvi</span> <span class='ocrx_word' id='word_1_137' title='bbox 848 2109 1195 2175; x_wconf 90' lang='lat' dir='ltr'>conductus</span> <span class='ocrx_word' id='word_1_138' title='bbox 1229 2128 1348 2192; x_wconf 91' lang='lat' dir='ltr'>per</span> <span class='ocrx_word' id='word_1_139' title='bbox 1378 2110 1646 2176; x_wconf 87' lang='lat' dir='ltr'>alterum</span> <span class='ocrx_word' id='word_1_140' title='bbox 1678 2118 1965 2175; x_wconf 89' lang='lat' dir='ltr'>nostrum</span> <span class='ocrx_word' id='word_1_141' title='bbox 1994 2109 2072 2175; x_wconf 88' lang='lat' dir='ltr'>ab</span> <span class='ocrx_word' id='word_1_142' title='bbox 2107 2110 2308 2175; x_wconf 89' lang='lat' dir='ltr'>altero</span> <span class='ocrx_word' id='word_1_143' title='bbox 2339 2113 2729 2191; x_wconf 86' lang='lat' dir='ltr'>peterentur,</span> <span class='ocrx_word' id='word_1_144' title='bbox 2777 2108 2980 2190; x_wconf 91' lang='lat' dir='ltr'>quod-</span> 
     </span>
     <span class='ocr_line' id='line_1_18' title="bbox 647 2210 2980 2297; baseline -0 -19"><span class='ocrx_word' id='word_1_145' title='bbox 647 2230 769 2293; x_wconf 88' lang='lat' dir='ltr'>que</span> <span class='ocrx_word' id='word_1_146' title='bbox 814 2212 869 2277; x_wconf 90' lang='lat' dir='ltr'>si</span> <span class='ocrx_word' id='word_1_147' title='bbox 916 2231 1025 2278; x_wconf 88' lang='lat' dir='ltr'>eas</span> <span class='ocrx_word' id='word_1_148' title='bbox 1070 2213 1323 2277; x_wconf 87' lang='lat' dir='ltr'>mittere</span> <span class='ocrx_word' id='word_1_149' title='bbox 1369 2213 1747 2297; x_wconf 81' lang='lat' dir='ltr'>disponebat</span> <span class='ocrx_word' id='word_1_150' title='bbox 1787 2214 1998 2297; x_wconf 85' lang='lat' dir='ltr'>parati</span> <span class='ocrx_word' id='word_1_151' title='bbox 2047 2232 2297 2279; x_wconf 84' lang='lat' dir='ltr'>eramus</span> <span class='ocrx_word' id='word_1_152' title='bbox 2341 2214 2669 2295; x_wconf 91' lang='lat' dir='ltr'>iniungere</span> <span class='ocrx_word' id='word_1_153' title='bbox 2713 2210 2980 2277; x_wconf 89' lang='lat' dir='ltr'>rectori-</span> 
     </span>
     <span class='ocr_line' id='line_1_19' title="bbox 645 2314 2980 2399; baseline -0.001 -18"><span class='ocrx_word' id='word_1_154' title='bbox 645 2314 763 2381; x_wconf 91' lang='lat' dir='ltr'>bus</span> <span class='ocrx_word' id='word_1_155' title='bbox 806 2320 1127 2380; x_wconf 87' lang='lat' dir='ltr'>terrarum</span> <span class='ocrx_word' id='word_1_156' title='bbox 1170 2322 1531 2381; x_wconf 89' lang='lat' dir='ltr'>nostrarum</span> <span class='ocrx_word' id='word_1_157' title='bbox 1572 2316 1654 2381; x_wconf 91' lang='lat' dir='ltr'>ad</span> <span class='ocrx_word' id='word_1_158' title='bbox 1701 2335 1860 2399; x_wconf 88' lang='lat' dir='ltr'>quas</span> <span class='ocrx_word' id='word_1_159' title='bbox 1905 2335 2236 2381; x_wconf 87' lang='lat' dir='ltr'>accessure</span> <span class='ocrx_word' id='word_1_160' title='bbox 2279 2320 2479 2395; x_wconf 87' lang='lat' dir='ltr'>erant,</span> <span class='ocrx_word' id='word_1_161' title='bbox 2542 2320 2616 2381; x_wconf 89' lang='lat' dir='ltr'>ut</span> <span class='ocrx_word' id='word_1_162' title='bbox 2662 2316 2740 2381; x_wconf 93' lang='lat' dir='ltr'>de</span> <span class='ocrx_word' id='word_1_163' title='bbox 2782 2333 2980 2396; x_wconf 87' lang='lat' dir='ltr'>pana-</span> 
     </span>
     <span class='ocr_line' id='line_1_20' title="bbox 644 2417 2981 2503; baseline 0 -21"><span class='ocrx_word' id='word_1_164' title='bbox 644 2419 771 2482; x_wconf 90' lang='lat' dir='ltr'>tica</span> <span class='ocrx_word' id='word_1_165' title='bbox 816 2422 883 2483; x_wconf 91' lang='lat' dir='ltr'>et</span> <span class='ocrx_word' id='word_1_166' title='bbox 926 2418 1067 2485; x_wconf 89' lang='lat' dir='ltr'>aliis</span> <span class='ocrx_word' id='word_1_167' title='bbox 1108 2420 1483 2485; x_wconf 86' lang='lat' dir='ltr'>necessariis</span> <span class='ocrx_word' id='word_1_168' title='bbox 1515 2438 1631 2503; x_wconf 91' lang='lat' dir='ltr'>pro</span> <span class='ocrx_word' id='word_1_169' title='bbox 1664 2420 1948 2502; x_wconf 88' lang='lat' dir='ltr'>pecuniis</span> <span class='ocrx_word' id='word_1_170' title='bbox 1980 2420 2110 2484; x_wconf 92' lang='lat' dir='ltr'>suis</span> <span class='ocrx_word' id='word_1_171' title='bbox 2143 2422 2233 2484; x_wconf 88' lang='lat' dir='ltr'>eis</span> <span class='ocrx_word' id='word_1_172' title='bbox 2263 2418 2676 2502; x_wconf 86' lang='lat' dir='ltr'>providerent</span> <span class='ocrx_word' id='word_1_173' title='bbox 2709 2417 2981 2498; x_wconf 81' lang='lat' dir='ltr'>illasque</span> 
     </span>
     <span class='ocr_line' id='line_1_21' title="bbox 641 2520 1907 2606; baseline 0.002 -21"><span class='ocrx_word' id='word_1_174' title='bbox 641 2520 802 2586; x_wconf 90' lang='lat' dir='ltr'>bene</span> <span class='ocrx_word' id='word_1_175' title='bbox 848 2525 915 2587; x_wconf 89' lang='lat' dir='ltr'>et</span> <span class='ocrx_word' id='word_1_176' title='bbox 958 2521 1375 2588; x_wconf 86' lang='lat' dir='ltr'>amicabiliter</span> <span class='ocrx_word' id='word_1_177' title='bbox 1418 2527 1907 2606; x_wconf 86' lang='lat' dir='ltr'>pertractarent.</span> 
     </span>
    </p>

    <p class='ocr_par' dir='ltr' id='par_1_4' title="bbox 626 2623 2981 4461">
     <span class='ocr_line' id='line_1_22' title="bbox 840 2623 2978 2708; baseline -0.001 -18"><span class='ocrx_word' id='word_1_178' title='bbox 840 2625 1217 2692; x_wconf 85' lang='lat' dir='ltr'>Notavimus</span> <span class='ocrx_word' id='word_1_179' title='bbox 1261 2627 1520 2708; x_wconf 87' lang='lat' dir='ltr'>insuper</span> <span class='ocrx_word' id='word_1_180' title='bbox 1566 2646 1642 2692; x_wconf 88' lang='lat' dir='ltr'>ea</span> <span class='ocrx_word' id='word_1_181' title='bbox 1688 2645 1812 2708; x_wconf 89' lang='lat' dir='ltr'>que</span> <span class='ocrx_word' id='word_1_182' title='bbox 1854 2625 2140 2708; x_wconf 88' lang='lat' dir='ltr'>prefatus</span> <span class='ocrx_word' id='word_1_183' title='bbox 2197 2625 2484 2691; x_wconf 87' lang='lat' dir='ltr'>dominus</span> <span class='ocrx_word' id='word_1_184' title='bbox 2541 2625 2815 2691; x_wconf 88' lang='lat' dir='ltr'>decanus</span> <span class='ocrx_word' id='word_1_185' title='bbox 2861 2623 2978 2690; x_wconf 86' lang='lat' dir='ltr'>tibi</span> 
     </span>
     <span class='ocr_line' id='line_1_23' title="bbox 637 2726 2981 2812; baseline -0.001 -18"><span class='ocrx_word' id='word_1_186' title='bbox 637 2727 801 2794; x_wconf 83' lang='lat' dir='ltr'>dixit</span> <span class='ocrx_word' id='word_1_187' title='bbox 830 2729 1000 2794; x_wconf 88' lang='lat' dir='ltr'>circa</span> <span class='ocrx_word' id='word_1_188' title='bbox 1041 2728 1278 2795; x_wconf 86' lang='lat' dir='ltr'>factum</span> <span class='ocrx_word' id='word_1_189' title='bbox 1325 2730 1598 2795; x_wconf 86' lang='lat' dir='ltr'>oratoris</span> <span class='ocrx_word' id='word_1_190' title='bbox 1644 2730 2080 2812; x_wconf 82' lang='lat' dir='ltr'>suprascript-i,</span> <span class='ocrx_word' id='word_1_191' title='bbox 2142 2735 2208 2794; x_wconf 91' lang='lat' dir='ltr'>et</span> <span class='ocrx_word' id='word_1_192' title='bbox 2249 2728 2508 2794; x_wconf 88' lang='lat' dir='ltr'>tandem</span> <span class='ocrx_word' id='word_1_193' title='bbox 2553 2727 2724 2809; x_wconf 92' lang='lat' dir='ltr'>quod</span> <span class='ocrx_word' id='word_1_194' title='bbox 2766 2726 2981 2792; x_wconf 87' lang='lat' dir='ltr'>veneti</span> 
     </span>
     <span class='ocr_line' id='line_1_24' title="bbox 642 2831 2978 2914; baseline -0 -18"><span class='ocrx_word' id='word_1_195' title='bbox 642 2849 781 2897; x_wconf 87' lang='lat' dir='ltr'>esse</span> <span class='ocrx_word' id='word_1_196' title='bbox 825 2832 1125 2898; x_wconf 87' lang='lat' dir='ltr'>volebant</span> <span class='ocrx_word' id='word_1_197' title='bbox 1186 2838 1254 2898; x_wconf 90' lang='lat' dir='ltr'>et</span> <span class='ocrx_word' id='word_1_198' title='bbox 1305 2833 1476 2914; x_wconf 92' lang='lat' dir='ltr'>quod</span> <span class='ocrx_word' id='word_1_199' title='bbox 1520 2833 1900 2899; x_wconf 88' lang='lat' dir='ltr'>haberemus</span> <span class='ocrx_word' id='word_1_200' title='bbox 1949 2831 2310 2914; x_wconf 85' lang='lat' dir='ltr'>Galipolim,</span> <span class='ocrx_word' id='word_1_201' title='bbox 2365 2837 2431 2897; x_wconf 90' lang='lat' dir='ltr'>et</span> <span class='ocrx_word' id='word_1_202' title='bbox 2475 2831 2856 2910; x_wconf 85' lang='lat' dir='ltr'>Salonicum,</span> <span class='ocrx_word' id='word_1_203' title='bbox 2902 2849 2978 2896; x_wconf 89' lang='lat' dir='ltr'>ac</span> 
     </span>
     <span class='ocr_line' id='line_1_25' title="bbox 638 2932 2976 3018; baseline -0.001 -18"><span class='ocrx_word' id='word_1_204' title='bbox 638 2933 718 3000; x_wconf 88' lang='lat' dir='ltr'>de</span> <span class='ocrx_word' id='word_1_205' title='bbox 744 2935 883 3000; x_wconf 88' lang='lat' dir='ltr'>aliis</span> <span class='ocrx_word' id='word_1_206' title='bbox 914 2936 1105 3001; x_wconf 88' lang='lat' dir='ltr'>terris</span> <span class='ocrx_word' id='word_1_207' title='bbox 1139 2935 1394 3015; x_wconf 88' lang='lat' dir='ltr'>Grecie;</span> <span class='ocrx_word' id='word_1_208' title='bbox 1444 2936 1653 3016; x_wconf 87' lang='lat' dir='ltr'>Quare</span> <span class='ocrx_word' id='word_1_209' title='bbox 1683 2937 1971 3002; x_wconf 89' lang='lat' dir='ltr'>volumus</span> <span class='ocrx_word' id='word_1_210' title='bbox 2006 2936 2178 3018; x_wconf 91' lang='lat' dir='ltr'>quod</span> <span class='ocrx_word' id='word_1_211' title='bbox 2221 2955 2360 3003; x_wconf 91' lang='lat' dir='ltr'>cum</span> <span class='ocrx_word' id='word_1_212' title='bbox 2405 2936 2545 3018; x_wconf 91' lang='lat' dir='ltr'>ipso</span> <span class='ocrx_word' id='word_1_213' title='bbox 2581 2933 2834 3000; x_wconf 88' lang='lat' dir='ltr'>domino</span> <span class='ocrx_word' id='word_1_214' title='bbox 2868 2932 2976 2998; x_wconf 91' lang='lat' dir='ltr'>de-</span> 
     </span>
     <span class='ocr_line' id='line_1_26' title="bbox 638 3034 2976 3120; baseline -0 -19"><span class='ocrx_word' id='word_1_215' title='bbox 638 3055 795 3102; x_wconf 89' lang='lat' dir='ltr'>cano</span> <span class='ocrx_word' id='word_1_216' title='bbox 828 3055 970 3104; x_wconf 88' lang='lat' dir='ltr'>esse</span> <span class='ocrx_word' id='word_1_217' title='bbox 1000 3037 1254 3118; x_wconf 86' lang='lat' dir='ltr'>debeas,</span> <span class='ocrx_word' id='word_1_218' title='bbox 1286 3042 1351 3103; x_wconf 88' lang='lat' dir='ltr'>et</span> <span class='ocrx_word' id='word_1_219' title='bbox 1382 3039 1442 3102; x_wconf 92' lang='lat' dir='ltr'>ei</span> <span class='ocrx_word' id='word_1_220' title='bbox 1474 3038 1680 3104; x_wconf 87' lang='lat' dir='ltr'>dicere</span> <span class='ocrx_word' id='word_1_221' title='bbox 1713 3040 1885 3120; x_wconf 90' lang='lat' dir='ltr'>quod</span> <span class='ocrx_word' id='word_1_222' title='bbox 1915 3037 2238 3104; x_wconf 85' lang='lat' dir='ltr'>informati</span> <span class='ocrx_word' id='word_1_223' title='bbox 2269 3058 2348 3104; x_wconf 89' lang='lat' dir='ltr'>ex</span> <span class='ocrx_word' id='word_1_224' title='bbox 2371 3034 2819 3120; x_wconf 88' lang='lat' dir='ltr'>suprascriptis</span> <span class='ocrx_word' id='word_1_225' title='bbox 2849 3034 2976 3100; x_wconf 88' lang='lat' dir='ltr'>tuis</span> 
     </span>
     <span class='ocr_line' id='line_1_27' title="bbox 635 3136 2976 3224; baseline 0 -22"><span class='ocrx_word' id='word_1_226' title='bbox 635 3136 839 3204; x_wconf 88' lang='lat' dir='ltr'>literis</span> <span class='ocrx_word' id='word_1_227' title='bbox 885 3139 967 3205; x_wconf 90' lang='lat' dir='ltr'>de</span> <span class='ocrx_word' id='word_1_228' title='bbox 1010 3139 1223 3206; x_wconf 86' lang='lat' dir='ltr'>verbis</span> <span class='ocrx_word' id='word_1_229' title='bbox 1266 3141 1398 3206; x_wconf 89' lang='lat' dir='ltr'>suis</span> <span class='ocrx_word' id='word_1_230' title='bbox 1436 3140 1738 3222; x_wconf 82' lang='lat' dir='ltr'>predictis</span> <span class='ocrx_word' id='word_1_231' title='bbox 1772 3147 2224 3224; x_wconf 86' lang='lat' dir='ltr'>cognoscentes</span> <span class='ocrx_word' id='word_1_232' title='bbox 2257 3160 2334 3207; x_wconf 91' lang='lat' dir='ltr'>ea</span> <span class='ocrx_word' id='word_1_233' title='bbox 2359 3139 2708 3224; x_wconf 89' lang='lat' dir='ltr'>procedere</span> <span class='ocrx_word' id='word_1_234' title='bbox 2739 3157 2818 3204; x_wconf 85' lang='lat' dir='ltr'>ex</span> <span class='ocrx_word' id='word_1_235' title='bbox 2849 3138 2976 3204; x_wconf 91' lang='lat' dir='ltr'>sin-</span> 
     </span>
     <span class='ocr_line' id='line_1_28' title="bbox 636 3241 2975 3323; baseline -0 -17"><span class='ocrx_word' id='word_1_236' title='bbox 636 3241 841 3323; x_wconf 89' lang='lat' dir='ltr'>gulari</span> <span class='ocrx_word' id='word_1_237' title='bbox 886 3241 1242 3322; x_wconf 86' lang='lat' dir='ltr'>dilectione,</span> <span class='ocrx_word' id='word_1_238' title='bbox 1290 3249 1356 3308; x_wconf 88' lang='lat' dir='ltr'>et</span> <span class='ocrx_word' id='word_1_239' title='bbox 1392 3243 1591 3308; x_wconf 88' lang='lat' dir='ltr'>multa</span> <span class='ocrx_word' id='word_1_240' title='bbox 1622 3244 1757 3310; x_wconf 93' lang='lat' dir='ltr'>eius</span> <span class='ocrx_word' id='word_1_241' title='bbox 1790 3243 2124 3310; x_wconf 85' lang='lat' dir='ltr'>affectione</span> <span class='ocrx_word' id='word_1_242' title='bbox 2157 3245 2239 3310; x_wconf 90' lang='lat' dir='ltr'>ad</span> <span class='ocrx_word' id='word_1_243' title='bbox 2269 3244 2430 3309; x_wconf 89' lang='lat' dir='ltr'>hanc</span> <span class='ocrx_word' id='word_1_244' title='bbox 2471 3246 2755 3308; x_wconf 90' lang='lat' dir='ltr'>nostram</span> <span class='ocrx_word' id='word_1_245' title='bbox 2785 3241 2975 3306; x_wconf 92' lang='lat' dir='ltr'>Rem-</span> 
     </span>
     <span class='ocr_line' id='line_1_29' title="bbox 632 3343 2976 3429; baseline 0 -20"><span class='ocrx_word' id='word_1_246' title='bbox 632 3343 969 3425; x_wconf 89' lang='lat' dir='ltr'>publicam,</span> <span class='ocrx_word' id='word_1_247' title='bbox 1032 3345 1115 3410; x_wconf 89' lang='lat' dir='ltr'>Ei</span> <span class='ocrx_word' id='word_1_248' title='bbox 1160 3351 1397 3428; x_wconf 90' lang='lat' dir='ltr'>quanto</span> <span class='ocrx_word' id='word_1_249' title='bbox 1442 3346 1585 3428; x_wconf 88' lang='lat' dir='ltr'>plus</span> <span class='ocrx_word' id='word_1_250' title='bbox 1630 3346 1934 3428; x_wconf 89' lang='lat' dir='ltr'>possibile</span> <span class='ocrx_word' id='word_1_251' title='bbox 1996 3352 2096 3412; x_wconf 90' lang='lat' dir='ltr'>est</span> <span class='ocrx_word' id='word_1_252' title='bbox 2147 3346 2589 3429; x_wconf 84' lang='lat' dir='ltr'>regratiamur.</span> <span class='ocrx_word' id='word_1_253' title='bbox 2679 3343 2767 3409; x_wconf 88' lang='lat' dir='ltr'>Et</span> <span class='ocrx_word' id='word_1_254' title='bbox 2809 3344 2976 3410; x_wconf 85' lang='lat' dir='ltr'>circa</span> 
     </span>
     <span class='ocr_line' id='line_1_30' title="bbox 635 3445 2975 3531; baseline 0 -20"><span class='ocrx_word' id='word_1_255' title='bbox 635 3445 871 3512; x_wconf 86' lang='lat' dir='ltr'>factum</span> <span class='ocrx_word' id='word_1_256' title='bbox 915 3448 1195 3515; x_wconf 89' lang='lat' dir='ltr'>locorum</span> <span class='ocrx_word' id='word_1_257' title='bbox 1238 3449 1815 3531; x_wconf 89' lang='lat' dir='ltr'>suprascriptorum</span> <span class='ocrx_word' id='word_1_258' title='bbox 1877 3450 2088 3515; x_wconf 89' lang='lat' dir='ltr'>dicere</span> <span class='ocrx_word' id='word_1_259' title='bbox 2146 3448 2383 3516; x_wconf 90' lang='lat' dir='ltr'>debeas</span> <span class='ocrx_word' id='word_1_260' title='bbox 2429 3447 2598 3530; x_wconf 87' lang='lat' dir='ltr'>quod</span> <span class='ocrx_word' id='word_1_261' title='bbox 2646 3447 2975 3530; x_wconf 86' lang='lat' dir='ltr'>cognosci-</span> 
     </span>
     <span class='ocr_line' id='line_1_31' title="bbox 631 3550 2974 3634; baseline 0 -19"><span class='ocrx_word' id='word_1_262' title='bbox 631 3569 775 3616; x_wconf 85' lang='lat' dir='ltr'>mus</span> <span class='ocrx_word' id='word_1_263' title='bbox 818 3550 961 3616; x_wconf 88' lang='lat' dir='ltr'>loca</span> <span class='ocrx_word' id='word_1_264' title='bbox 1002 3551 1130 3631; x_wconf 91' lang='lat' dir='ltr'>illa,</span> <span class='ocrx_word' id='word_1_265' title='bbox 1176 3552 1229 3617; x_wconf 92' lang='lat' dir='ltr'>si</span> <span class='ocrx_word' id='word_1_266' title='bbox 1274 3552 1480 3618; x_wconf 89' lang='lat' dir='ltr'>teucri</span> <span class='ocrx_word' id='word_1_267' title='bbox 1525 3552 1923 3634; x_wconf 86' lang='lat' dir='ltr'>expellentur</span> <span class='ocrx_word' id='word_1_268' title='bbox 1970 3553 2050 3618; x_wconf 91' lang='lat' dir='ltr'>de</span> <span class='ocrx_word' id='word_1_269' title='bbox 2096 3553 2346 3632; x_wconf 87' lang='lat' dir='ltr'>Grecia,</span> <span class='ocrx_word' id='word_1_270' title='bbox 2409 3569 2600 3633; x_wconf 87' lang='lat' dir='ltr'>egere</span> <span class='ocrx_word' id='word_1_271' title='bbox 2644 3550 2974 3616; x_wconf 88' lang='lat' dir='ltr'>notabilis-</span> 
     </span>
     <span class='ocr_line' id='line_1_32' title="bbox 634 3652 2975 3738; baseline -0 -20"><span class='ocrx_word' id='word_1_272' title='bbox 634 3652 793 3719; x_wconf 91' lang='lat' dir='ltr'>sima</span> <span class='ocrx_word' id='word_1_273' title='bbox 838 3653 1125 3720; x_wconf 89' lang='lat' dir='ltr'>custodia</span> <span class='ocrx_word' id='word_1_274' title='bbox 1170 3657 1237 3720; x_wconf 89' lang='lat' dir='ltr'>et</span> <span class='ocrx_word' id='word_1_275' title='bbox 1280 3673 1560 3738; x_wconf 89' lang='lat' dir='ltr'>expensa</span> <span class='ocrx_word' id='word_1_276' title='bbox 1602 3661 1669 3720; x_wconf 91' lang='lat' dir='ltr'>et</span> <span class='ocrx_word' id='word_1_277' title='bbox 1711 3655 2042 3738; x_wconf 88' lang='lat' dir='ltr'>potissime</span> <span class='ocrx_word' id='word_1_278' title='bbox 2089 3655 2408 3720; x_wconf 89' lang='lat' dir='ltr'>maritima</span> <span class='ocrx_word' id='word_1_279' title='bbox 2440 3653 2591 3735; x_wconf 90' lang='lat' dir='ltr'>quia</span> <span class='ocrx_word' id='word_1_280' title='bbox 2620 3653 2742 3735; x_wconf 90' lang='lat' dir='ltr'>ipsi</span> <span class='ocrx_word' id='word_1_281' title='bbox 2772 3652 2975 3718; x_wconf 90' lang='lat' dir='ltr'>teucri</span> 
     </span>
     <span class='ocr_line' id='line_1_33' title="bbox 632 3755 2977 3842; baseline -0.001 -20"><span class='ocrx_word' id='word_1_282' title='bbox 632 3775 882 3839; x_wconf 89' lang='lat' dir='ltr'>semper</span> <span class='ocrx_word' id='word_1_283' title='bbox 927 3762 1068 3823; x_wconf 86' lang='lat' dir='ltr'>tota</span> <span class='ocrx_word' id='word_1_284' title='bbox 1108 3763 1321 3824; x_wconf 89' lang='lat' dir='ltr'>mente</span> <span class='ocrx_word' id='word_1_285' title='bbox 1367 3763 1433 3825; x_wconf 92' lang='lat' dir='ltr'>et</span> <span class='ocrx_word' id='word_1_286' title='bbox 1476 3759 1715 3827; x_wconf 87' lang='lat' dir='ltr'>viribus</span> <span class='ocrx_word' id='word_1_287' title='bbox 1758 3759 2114 3842; x_wconf 87' lang='lat' dir='ltr'>vigilabunt</span> <span class='ocrx_word' id='word_1_288' title='bbox 2143 3759 2224 3824; x_wconf 88' lang='lat' dir='ltr'>ad</span> <span class='ocrx_word' id='word_1_289' title='bbox 2253 3757 2687 3825; x_wconf 87' lang='lat' dir='ltr'>rehabendum</span> <span class='ocrx_word' id='word_1_290' title='bbox 2730 3755 2859 3836; x_wconf 86' lang='lat' dir='ltr'>illa,</span> <span class='ocrx_word' id='word_1_291' title='bbox 2903 3759 2977 3820; x_wconf 88' lang='lat' dir='ltr'>ut</span> 
     </span>
     <span class='ocr_line' id='line_1_34' title="bbox 630 3859 2975 3942; baseline -0 -18"><span class='ocrx_word' id='word_1_292' title='bbox 630 3877 863 3925; x_wconf 91' lang='lat' dir='ltr'>novum</span> <span class='ocrx_word' id='word_1_293' title='bbox 910 3859 1164 3927; x_wconf 88' lang='lat' dir='ltr'>valeant</span> <span class='ocrx_word' id='word_1_294' title='bbox 1206 3862 1519 3928; x_wconf 88' lang='lat' dir='ltr'>suscitare</span> <span class='ocrx_word' id='word_1_295' title='bbox 1558 3863 1945 3942; x_wconf 88' lang='lat' dir='ltr'>scandalum,</span> <span class='ocrx_word' id='word_1_296' title='bbox 1993 3867 2058 3928; x_wconf 89' lang='lat' dir='ltr'>et</span> <span class='ocrx_word' id='word_1_297' title='bbox 2099 3862 2540 3928; x_wconf 90' lang='lat' dir='ltr'>nichilominus</span> <span class='ocrx_word' id='word_1_298' title='bbox 2588 3879 2715 3926; x_wconf 93' lang='lat' dir='ltr'>non</span> <span class='ocrx_word' id='word_1_299' title='bbox 2760 3859 2975 3940; x_wconf 87' lang='lat' dir='ltr'>aliqua</span> 
     </span>
     <span class='ocr_line' id='line_1_35' title="bbox 632 3962 2974 4031; baseline -0.001 -3"><span class='ocrx_word' id='word_1_300' title='bbox 632 3962 977 4028; x_wconf 87' lang='lat' dir='ltr'>ambitione</span> <span class='ocrx_word' id='word_1_301' title='bbox 1034 3963 1292 4029; x_wconf 92' lang='lat' dir='ltr'>dominii</span> <span class='ocrx_word' id='word_1_302' title='bbox 1346 3964 1462 4030; x_wconf 89' lang='lat' dir='ltr'>sed</span> <span class='ocrx_word' id='word_1_303' title='bbox 1513 3965 1948 4030; x_wconf 90' lang='lat' dir='ltr'>tantummodo</span> <span class='ocrx_word' id='word_1_304' title='bbox 1996 3984 2074 4030; x_wconf 89' lang='lat' dir='ltr'>ex</span> <span class='ocrx_word' id='word_1_305' title='bbox 2117 3965 2320 4031; x_wconf 89' lang='lat' dir='ltr'>multa</span> <span class='ocrx_word' id='word_1_306' title='bbox 2375 3962 2708 4030; x_wconf 88' lang='lat' dir='ltr'>affectione</span> <span class='ocrx_word' id='word_1_307' title='bbox 2751 3967 2974 4027; x_wconf 89' lang='lat' dir='ltr'>nostra</span> 
     </span>
     <span class='ocr_line' id='line_1_36' title="bbox 632 4064 2971 4152; baseline 0.001 -22"><span class='ocrx_word' id='word_1_308' title='bbox 632 4064 715 4130; x_wconf 93' lang='lat' dir='ltr'>ad</span> <span class='ocrx_word' id='word_1_309' title='bbox 764 4066 1093 4132; x_wconf 90' lang='lat' dir='ltr'>comodum</span> <span class='ocrx_word' id='word_1_310' title='bbox 1139 4073 1205 4133; x_wconf 88' lang='lat' dir='ltr'>et</span> <span class='ocrx_word' id='word_1_311' title='bbox 1247 4067 1404 4134; x_wconf 90' lang='lat' dir='ltr'>utile</span> <span class='ocrx_word' id='word_1_312' title='bbox 1450 4066 1791 4134; x_wconf 89' lang='lat' dir='ltr'>christiane</span> <span class='ocrx_word' id='word_1_313' title='bbox 1834 4068 2180 4152; x_wconf 88' lang='lat' dir='ltr'>religionis,</span> <span class='ocrx_word' id='word_1_314' title='bbox 2238 4068 2322 4134; x_wconf 90' lang='lat' dir='ltr'>ad</span> <span class='ocrx_word' id='word_1_315' title='bbox 2361 4067 2530 4149; x_wconf 89' lang='lat' dir='ltr'>quod</span> <span class='ocrx_word' id='word_1_316' title='bbox 2573 4070 2712 4132; x_wconf 89' lang='lat' dir='ltr'>toto</span> <span class='ocrx_word' id='word_1_317' title='bbox 2759 4064 2971 4146; x_wconf 88' lang='lat' dir='ltr'>corde,</span> 
     </span>
     <span class='ocr_line' id='line_1_37' title="bbox 633 4169 2972 4254; baseline 0 -21"><span class='ocrx_word' id='word_1_318' title='bbox 633 4173 699 4233; x_wconf 92' lang='lat' dir='ltr'>et</span> <span class='ocrx_word' id='word_1_319' title='bbox 740 4173 953 4234; x_wconf 88' lang='lat' dir='ltr'>mente</span> <span class='ocrx_word' id='word_1_320' title='bbox 997 4187 1248 4252; x_wconf 89' lang='lat' dir='ltr'>semper</span> <span class='ocrx_word' id='word_1_321' title='bbox 1291 4170 1689 4252; x_wconf 83' lang='lat' dir='ltr'>vigilavimus</span> <span class='ocrx_word' id='word_1_322' title='bbox 1736 4175 1801 4238; x_wconf 83' lang='lat' dir='ltr'>et</span> <span class='ocrx_word' id='word_1_323' title='bbox 1844 4170 2180 4254; x_wconf 89' lang='lat' dir='ltr'>vigilamus</span> <span class='ocrx_word' id='word_1_324' title='bbox 2227 4172 2418 4238; x_wconf 88' lang='lat' dir='ltr'>etiam</span> <span class='ocrx_word' id='word_1_325' title='bbox 2475 4169 2692 4236; x_wconf 89' lang='lat' dir='ltr'>multis</span> <span class='ocrx_word' id='word_1_326' title='bbox 2735 4169 2972 4235; x_wconf 90' lang='lat' dir='ltr'>nostris</span> 
     </span>
     <span class='ocr_line' id='line_1_38' title="bbox 632 4271 2971 4356; baseline 0.001 -21"><span class='ocrx_word' id='word_1_327' title='bbox 632 4271 925 4353; x_wconf 88' lang='lat' dir='ltr'>expensis</span> <span class='ocrx_word' id='word_1_328' title='bbox 972 4277 1038 4337; x_wconf 89' lang='lat' dir='ltr'>et</span> <span class='ocrx_word' id='word_1_329' title='bbox 1080 4271 1383 4338; x_wconf 88' lang='lat' dir='ltr'>effusione</span> <span class='ocrx_word' id='word_1_330' title='bbox 1426 4274 1749 4356; x_wconf 91' lang='lat' dir='ltr'>sanguinis</span> <span class='ocrx_word' id='word_1_331' title='bbox 1794 4278 2177 4356; x_wconf 88' lang='lat' dir='ltr'>nostrorum,</span> <span class='ocrx_word' id='word_1_332' title='bbox 2223 4282 2296 4341; x_wconf 89' lang='lat' dir='ltr'>ut</span> <span class='ocrx_word' id='word_1_333' title='bbox 2337 4274 2604 4341; x_wconf 88' lang='lat' dir='ltr'>intentio</span> <span class='ocrx_word' id='word_1_334' title='bbox 2648 4271 2818 4336; x_wconf 92' lang='lat' dir='ltr'>illius</span> <span class='ocrx_word' id='word_1_335' title='bbox 2857 4271 2971 4338; x_wconf 90' lang='lat' dir='ltr'>Se-</span> 
     </span>
     <span class='ocr_line' id='line_1_39' title="bbox 626 4373 2968 4461; baseline 0.002 -22"><span class='ocrx_word' id='word_1_336' title='bbox 626 4373 943 4440; x_wconf 89' lang='lat' dir='ltr'>renissimi</span> <span class='ocrx_word' id='word_1_337' title='bbox 984 4375 1219 4442; x_wconf 90' lang='lat' dir='ltr'>domini</span> <span class='ocrx_word' id='word_1_338' title='bbox 1262 4375 1456 4460; x_wconf 88' lang='lat' dir='ltr'>Regis</span> <span class='ocrx_word' id='word_1_339' title='bbox 1512 4377 1769 4461; x_wconf 87' lang='lat' dir='ltr'>plenum</span> <span class='ocrx_word' id='word_1_340' title='bbox 1813 4377 2122 4446; x_wconf 84' lang='lat' dir='ltr'>sortiatur</span> <span class='ocrx_word' id='word_1_341' title='bbox 2168 4377 2476 4459; x_wconf 85' lang='lat' dir='ltr'>effectum,</span> <span class='ocrx_word' id='word_1_342' title='bbox 2537 4381 2605 4443; x_wconf 85' lang='lat' dir='ltr'>et</span> <span class='ocrx_word' id='word_1_343' title='bbox 2649 4378 2833 4446; x_wconf 92' lang='lat' dir='ltr'>multi</span> <span class='ocrx_word' id='word_1_344' title='bbox 2875 4375 2968 4444; x_wconf 84' lang='lat' dir='ltr'>la-</span> 
     </span>
    </p>
   </div>
  </div>
 </body>
</html>
