3793 5187
1841 404 1927 475 73

703 603 1009 694 Neapolis
1049 609 1357 676 Romanie
1398 629 1515 692 pro
1558 617 1948 678 armamento
2011 612 2264 678 illarum
2311 611 2658 694 galearum,
2719 631 2794 680 ac
2837 603 3032 682 etiam

700 714 795 779 eis
841 712 1027 778 mitte
1090 712 1355 778 alteram
1396 729 1648 778 manum
1710 712 2038 779 literarum
2090 719 2452 780 nostrarum
2487 732 2606 796 per
2648 722 2904 795 terram,
2965 722 3040 782 ut

696 813 929 881 feceris
974 831 1053 879 ex
1098 813 1410 896 Gorphoy.

894 913 984 980 Et
1022 915 1078 981 si
1118 933 1323 995 usque
1366 915 1450 980 ad
1491 914 1827 996 appulsum
1871 919 2048 980 tuum
2091 915 2462 982 Mothonum
2509 934 2634 981 non
2665 917 3036 999 reperiisses

696 1015 839 1082 illas
882 1016 1043 1082 duas
1088 1016 1307 1098 galeas
1352 1033 1513 1096 quas
1550 1014 1845 1081 iussimus
1889 1016 1954 1080 in
1999 1015 2192 1082 Creta
2235 1018 2488 1096 armari,
2538 1017 2774 1084 debeas
2817 1018 3029 1084 subito

696 1117 955 1184 mittere
988 1135 1181 1182 unam
1222 1134 1301 1182 ex
1344 1115 1445 1182 his
1486 1116 1693 1182 tribus
1738 1116 1937 1198 galeis
1983 1135 2184 1199 usque
2225 1117 2292 1182 in
2339 1117 2613 1197 Cretam,
2668 1118 2750 1183 ad
2793 1137 3021 1201 reppe-

694 1218 989 1286 riendum
1026 1237 1134 1284 eas
1177 1218 1395 1300 galeas
1440 1222 1507 1283 et
1534 1217 1998 1296 solicitandum,
2045 1218 2216 1299 quod
2245 1223 2482 1298 quanto
2515 1219 2698 1286 citius
2726 1219 3029 1301 possibile

696 1323 801 1400 sit,
844 1322 1103 1386 veniant
1146 1319 1227 1384 ad
1272 1319 1759 1400 repperiendum
1804 1324 1887 1386 te.

889 1420 979 1487 Et
1020 1422 1077 1488 si
1116 1439 1321 1502 usque
1358 1421 1444 1486 ad
1488 1421 1956 1502 expeditionem
1995 1425 2172 1486 tuam
2218 1421 2299 1486 de
2347 1421 2651 1487 Mothono
2695 1423 2880 1504 galee
2907 1439 3022 1488 no-

691 1527 823 1589 stre
866 1523 1097 1590 Baruti
1140 1523 1555 1589 transiverint
1593 1521 1968 1588 Mothonum
2006 1522 2202 1602 salve,
2249 1527 2317 1588 et
2357 1523 2464 1589 ille
2507 1541 2582 1588 ac
2627 1542 2822 1590 naves
2855 1525 3020 1590 Sirie

692 1624 987 1692 damnum
1044 1624 1327 1691 notabile
1371 1643 1499 1690 non
1540 1623 1812 1690 fuissent
1875 1641 2088 1706 passe,
2153 1625 2335 1712 sequi
2396 1625 2632 1690 debeas
2676 1626 2800 1691 iter
2843 1631 3020 1692 tuum

690 1744 910 1792 versus
954 1725 1438 1809 Nigropontem.
1528 1725 1599 1791 Si
1642 1743 1793 1792 vero
1858 1725 2043 1808 galee
2099 1727 2386 1807 predicte
2434 1727 2676 1806 Baruti,
2742 1729 3020 1794 nundum

686 1828 1130 1894 transivissent
1174 1828 1569 1906 Mothonum,
1612 1827 1818 1894 scribe
1848 1827 2052 1906 nobis,
2097 1832 2164 1892 et
2193 1833 2460 1910 expecta
2486 1829 2872 1894 mandatum.
2933 1829 3019 1896 Et

683 1928 741 1994 si
796 1929 1051 1996 interim
1096 1947 1221 2010 quo
1267 1933 1641 2012 expectares
1708 1928 1893 2010 galee
1954 1929 2244 2010 predicte
2301 1929 2528 1994 Baruti
2592 1930 2768 1996 salve
2811 1935 3020 1996 trans-

688 2029 875 2110 irent,
935 2030 1191 2112 debeas,
1252 2050 1379 2098 non
1436 2035 1771 2116 expectato
1826 2029 1954 2096 alio
1998 2031 2322 2110 mandato,
2382 2031 2479 2095 ire
2522 2049 2744 2098 versus
2788 2031 3020 2114 Nigro-

684 2137 963 2212 pontem,
1008 2131 1097 2197 Et
1133 2132 1200 2197 in
1227 2131 1627 2214 Nigroponte
1657 2130 2072 2197 cohadunatis
2102 2131 2303 2214 galeis
2334 2130 2414 2196 de
2444 2132 2655 2211 Creta,
2704 2132 3018 2216 Corphoy,

686 2233 989 2316 Neapolis
1013 2233 1321 2298 Romanie
1355 2238 1422 2298 et
1450 2232 1886 2315 Nigropontis,
1931 2249 2007 2298 ac
2047 2232 2238 2298 etiam
2262 2232 2375 2297 illa
2405 2233 2580 2300 ducis
2608 2234 3020 2316 Egeopelagi,

682 2339 751 2400 et
791 2333 1331 2421 galeotazdomini
1372 2334 1639 2414 Andres,
1694 2353 1771 2401 ac
1813 2335 2072 2417 galeota
2113 2335 2410 2400 'Pinarum
2455 2339 2524 2400 et
2561 2333 3016 2414 Michonarum,

684 2436 741 2501 si
784 2453 895 2502 eas
930 2435 1169 2502 habere
1224 2437 1487 2518 poteris,
1550 2436 1650 2501 vel
1713 2436 1887 2501 illam
1953 2440 2202 2519 partem
2260 2453 2482 2501 earum
2538 2452 2728 2517 quam
2784 2436 3020 2502 habere

682 2537 945 2619 poteris,
1012 2539 1308 2620 quoniam
1370 2538 1735 2621 scripsimus
1794 2541 1862 2603 et
1918 2538 2362 2621 requisivimus
2421 2537 2737 2604 dominum
2796 2539 3018 2605 ducem

682 2637 1097 2722 Egeopelagi,
1155 2657 1231 2705 ac
1279 2640 1599 2705 dominum
1644 2640 1893 2705 Andres
1933 2645 2008 2704 ut
2048 2646 2311 2720 arment,
2374 2646 2440 2706 et
2478 2640 2776 2706 iussimus
2822 2642 3015 2707 etiam

680 2741 915 2805 armari
957 2740 1129 2805 illam
1174 2739 1470 2805 Tinarum
1516 2743 1583 2804 et
1624 2737 2017 2805 Miconarum
2062 2757 2202 2806 cum
2251 2740 2536 2806 omnibus
2576 2741 2760 2806 dictis
2790 2742 3011 2823 galeiS,

679 2846 795 2907 aut
835 2840 1065 2907 saltem
1104 2840 1231 2907 illis
1277 2840 1357 2906 de
1398 2840 1546 2906 hinc
1590 2841 1670 2906 de
1723 2840 1936 2919 Creta,
1999 2840 2078 2906 de
2121 2841 2536 2924 Nigroponte,
2592 2840 2672 2906 de
2715 2842 3012 2926 Corphoy

677 2946 745 3007 et
784 2940 1058 3025 Neapoli
1097 2941 1425 3023 Romanis,
1496 2942 1551 3007 si
1616 2940 1898 3023 reliquas
1959 2941 2200 3007 habere
2267 2960 2392 3007 non
2441 2960 2684 3023 posses,
2753 2944 2846 3007 ire
2909 2962 3011 3009 so-

675 3043 852 3110 licita
892 3044 958 3108 in
1002 3044 1293 3109 strictum
1359 3044 1651 3125 galipolis
1715 3044 1799 3109 ad
1858 3044 2334 3110 custodiendum
2398 3048 2463 3108 et
2507 3042 2886 3109 obviandum
2932 3064 3015 3110 ne

679 3145 886 3211 teucri
928 3145 1011 3210 de
1055 3145 1287 3211 Grecia
1325 3145 1390 3209 in
1430 3145 1784 3228 Turchiam,
1832 3153 1898 3211 et
1943 3165 1980 3211 e
2023 3164 2328 3212 converso
2378 3145 2634 3211 valeant
2681 3153 3010 3229 pertrans·

676 3245 773 3311 ire
820 3264 1023 3327 usque
1083 3264 1208 3328 quo
1276 3246 1468 3311 alium
1533 3246 1798 3313 habebis
1865 3247 2149 3312 ordinem
2195 3267 2235 3312 a
2279 3246 2693 3313 Serenissimo
2757 3247 3008 3313 domino

673 3347 853 3430 Rege
910 3347 1197 3426 Polonie,
1264 3346 1443 3413 iuxta
1508 3366 1693 3431 quem
1745 3349 1810 3412 in
1855 3348 1964 3413 illo
2027 3350 2255 3415 strictu
2317 3367 2456 3414 cum
2511 3347 2688 3412 illum
2724 3349 3006 3431 habebis,

674 3448 961 3514 volumus
992 3453 1067 3514 ut
1093 3447 1303 3514 facere
1335 3447 1569 3514 debeas
1598 3450 1891 3532 quoniam
1928 3467 2046 3531 pro
2076 3448 2296 3515 favore
2329 3448 2766 3515 cristianorum
2797 3455 2865 3515 et
2891 3452 3008 3516 im-

671 3550 885 3631 presia
915 3550 1114 3632 ipsius
1142 3550 1542 3615 Serenissimi
1570 3551 1806 3615 domini
1828 3552 2023 3633 Regis
2055 3558 2122 3618 te
2148 3552 2455 3617 mittimus
2486 3551 2568 3617 ad
2597 3552 2738 3618 illas
2768 3558 3005 3634 partes.

876 3650 946 3717 Si
989 3669 1143 3718 vero
1190 3652 1254 3716 in
1284 3650 1686 3735 Nigroponte
1715 3651 1980 3719 firmiter
2012 3654 2280 3718 sentires
2311 3657 2584 3733 teucrOS,
2630 3654 2802 3737 quod
2829 3654 3006 3721 Deus

672 3758 940 3834 avertat,
991 3758 1212 3820 contra
1255 3754 1587 3819 cristianos
1627 3772 2043 3837 prosperasse
2088 3759 2154 3819 et
2199 3755 2532 3819 cristianos
2578 3772 2719 3819 esse
2761 3755 2823 3818 in
2855 3752 3006 3837 fuga

668 3873 797 3920 non
839 3854 1109 3921 ulterius
1152 3855 1367 3935 vadaS,
1427 3855 1541 3921 sed
1584 3855 1795 3921 redire
1842 3856 2076 3921 debeas
2122 3874 2261 3920 cum
2310 3855 2598 3921 omnibus
2642 3855 2841 3938 galeis
2887 3856 3004 3921 tibi

670 3956 1017 4023 commissis
1047 3975 1269 4023 versus
1310 3955 1701 4035 Mothonum,
1752 3962 1817 4023 et
1864 3956 2046 4022 nobis
2093 3957 2393 4038 scribere,
2442 3962 2507 4022 et
2548 3958 2613 4023 in
2656 3958 2781 4025 illis
2820 3956 3003 4038 aquis

670 4064 957 4125 nostrum
1005 4062 1345 4141 expectare
1387 4058 1766 4125 mandatum.

870 4160 1111 4226 Verum
1154 4160 1209 4225 si
1253 4178 1380 4225 non
1422 4159 1943 4243 prosperantibus
1986 4160 2240 4239 teucris,
2299 4158 2428 4225 ires
2455 4200 2462 4211 ·
2485 4159 2546 4223 in
2598 4160 2891 4225 strictum
2935 4163 3001 4224 et

667 4264 818 4327 ante
861 4279 1177 4329 recessum
1219 4267 1397 4327 tuum
1441 4262 1521 4327 de
1563 4262 1984 4344 Nigroponte,
2054 4261 2208 4327 illud
2252 4260 2559 4343 Regimen
2603 4265 2851 4327 teneret
2896 4260 2998 4329 vel
