3793 5187
1756 635 1878 703 169

621 841 738 904 tor
762 837 897 922 ipse
932 857 1069 905 cnm
1098 840 1164 905 in
1194 840 1369 906 curia
1390 840 1586 907 fuerit
1606 847 1671 908 et
1692 841 1980 909 manibus
1997 846 2232 926 tanget,
2257 845 2323 909 et
2345 845 2628 908 nostram
2654 841 2721 907 in
2742 843 2980 924 regiam

630 941 1099 1008 Sublimitatem
1122 942 1609 1011 benivolentiam
1638 944 2162 1012 existimationem
2185 949 2252 1011 et
2279 945 2535 1011 cultum.
2563 945 2650 1010 Et
2668 943 2978 1010 confiden-

638 1049 737 1111 ter
757 1046 995 1127 poterit
1031 1045 1501 1128 Magnificencia
1544 1065 1661 1114 sua
1698 1067 1775 1114 ea
1798 1049 2076 1116 conferre
2097 1067 2238 1116 cum
2260 1054 2511 1114 oratore
2528 1054 2746 1115 nostro
2791 1047 2843 1113 si
2885 1048 2981 1114 ita

626 1148 699 1214 ei
743 1147 1057 1215 videbitur
1100 1167 1224 1231 que
1280 1149 1605 1217 nobiscum
1663 1152 1950 1233 contulit,
2013 1154 2308 1236 quoniam
2366 1156 2574 1217 totum
2633 1151 2755 1218 erit
2811 1151 2980 1233 apud

638 1253 847 1334 ipsum
893 1257 1184 1317 nostrum
1252 1259 1574 1319 oratorem
1632 1255 2135 1320 secretissimum.
2233 1255 2321 1321 Et
2380 1255 2538 1320 nihil
2603 1252 2685 1320 ab
2743 1271 2818 1320 eo
2869 1253 2982 1319 fiet

644 1355 813 1438 quod
856 1355 1027 1437 regie
1070 1355 1368 1438 dignitati
1411 1361 1478 1422 et
1530 1357 1795 1422 utilitati
1857 1376 1984 1423 non
2042 1359 2384 1425 conveniat.
2471 1359 2808 1442 Longeque
2849 1375 2980 1423 me-

636 1457 763 1522 lius
804 1455 1109 1542 longeque
1152 1459 1487 1524 dilucidius
1557 1461 1623 1525 in
1688 1460 1863 1525 curia
1924 1462 2159 1543 poterit
2221 1478 2588 1543 quecunque
2629 1459 2981 1526 necessaria

622 1577 1005 1642 cognoscere
1064 1565 1129 1626 et
1188 1562 1410 1627 utilius
1476 1563 1666 1628 etiam
1708 1581 1894 1646 agere
1951 1581 2142 1646 quam
2205 1563 2327 1628 hic.
2417 1562 2554 1629 Hec
2608 1561 2786 1628 nobis
2844 1562 2982 1627 visa

633 1667 783 1728 sunt
840 1661 1215 1746 subiungere
1256 1663 1727 1747 Magnificencie
1789 1683 1900 1730 sue
1954 1667 2035 1731 ad
2076 1665 2306 1731 mentis
2360 1669 2576 1730 nostre
2640 1662 2978 1746 perfectam

632 1766 1117 1848 explicationem
1160 1768 1587 1851 maioremque
1628 1767 2119 1834 satisfactionem
2163 1768 2278 1832 sui.

835 1869 923 1934 Et
966 1887 1044 1935 ex
1108 1889 1273 1936 nunc
1319 1875 1574 1953 captum
1619 1871 1705 1936 sit
1748 1872 1915 1952 quod
1959 1871 2026 1936 in
2079 1871 2316 1937 curiam
2363 1871 2444 1937 ad
2499 1874 2812 1936 oratorem
2869 1887 2979 1934 no-

628 1976 837 2036 strum
866 1971 1183 2038 scribatur
1228 1973 1293 2036 in
1336 1973 1623 2040 effectum
1666 1974 2180 2056 suprascriptum,
2226 1978 2533 2057 quantum
2575 1974 2658 2039 ad
2695 1971 2978 2038 inducias

626 2075 917 2156 pertinet.

835 2179 936 2244 Ad
984 2178 1284 2244 Ioannem
1326 2177 1683 2260 Baptistam
1728 2183 2033 2260 quantum
2079 2179 2160 2244 ad
2201 2179 2530 2245 materiam
2572 2177 2972 2244 Tartarorum

628 2282 695 2347 in
740 2281 852 2346 illa
892 2280 1097 2347 forma
1138 2300 1263 2364 que
1311 2282 1571 2366 collegio
1607 2282 1921 2348 videbitur
1967 2283 2338 2348 conveniens
2375 2282 2628 2348 effectui
2674 2281 2974 2364 predicto.

832 2383 919 2449 Et
964 2385 1253 2450 similiter
1299 2384 1755 2466 respondeatur
1797 2383 2128 2450 Emanueli
2176 2387 2252 2448 ut
2293 2384 2556 2450 suadeat
2595 2384 2978 2466 prosecutio-

622 2505 773 2553 nem
817 2486 987 2552 illius
1030 2486 1337 2569 impresie.

836 2589 1167 2655 Emanueli
1228 2593 1439 2655 autem
1507 2590 1914 2656 remittantur
1972 2589 2182 2656 ducati
2240 2587 2367 2653 200
2411 2607 2525 2672 pro
2567 2585 2698 2655 suis
2749 2588 2977 2670 impre-

622 2694 711 2761 sis
756 2694 864 2777 qui
909 2694 1300 2774 accipiantur
1361 2694 1439 2759 de
1488 2694 1659 2759 omni
1697 2694 1833 2759 loco
1894 2698 1960 2759 et
2001 2692 2205 2758 officio
2250 2692 2415 2757 unde
2457 2691 2630 2773 prius
2687 2696 2753 2756 et
2790 2691 2976 2757 citius

622 2796 841 2863 haberi
878 2797 1132 2879 poterit.

872 2901 968 2966 De
1012 2903 1193 2982 parte
1299 2898 1439 2966 149.

870 3002 969 3069 De
1006 3020 1132 3068 non
1380 3000 1438 3065 1.

868 3106 1014 3170 Non
1056 3105 1282 3171 sinceri
1376 3107 1437 3169 Ο.

926 3240 1192 3313 (ΑνσΙιίυίο
1226 3240 1286 3294 ἀι·
1317 3238 1471 3294 Staio
1505 3240 1559 3293 in
1605 3238 1866 3307 Venezz'a).

695 3326 1135 3383 Deliberazioni
1172 3325 1389 3381 Senato
1428 3322 1666 3389 Socrati,
1698 3322 1849 3393 Reg.
1883 3322 1954 3376 27
1991 3338 2037 3376 c.
2083 3321 2200 3376 123.

1603 3665 1986 3745 LXXIII.

1031 3824 1493 3893 mccchXle.
1540 3823 1637 3891 die
1682 3824 1749 3891 Χ.
1786 3822 2042 3889 ianuarii
2087 3826 2278 3898 (more
2312 3820 2572 3903 veneto).

860 3993 1249 4061 Hemanueli
1296 3992 1581 4060 Gerardo
1627 3991 1983 4057 Secretario
2026 3994 2244 4058 nostro
2284 3990 2350 4056 in
2392 3989 2730 4055 Moldavia.

826 4131 1093 4197 Litteris
1142 4131 1421 4197 oratoris
1460 4130 1663 4196 nostri
1705 4146 1781 4195 ex
1823 4127 2170 4211 Hungaria
2215 4133 2280 4193 et
2328 4126 2594 4193 subinde
2635 4125 2762 4190 tuis
2791 4123 2974 4189 intel-

618 4234 885 4302 leximus
952 4234 1355 4303 felicissimus
1398 4250 1725 4299 successus
1766 4250 1975 4297 rerum
1993 4229 2316 4311 Valachie‚
2354 4228 2778 4312 expulsionem
2805 4225 2975 4292 scili-

608 4341 720 4404 cet
740 4334 1035 4416 hamtab,
1100 4341 1165 4402 et
1200 4335 1599 4418 adeptionem
1620 4335 1797 4417 regni
1822 4338 1887 4399 et
1900 4332 2212 4415 provincie
2231 4331 2462 4399 factam
2479 4349 2593 4413 per
2612 4328 2974 4394 Illustrissi-

614 4460 789 4507 mum
823 4439 1150 4505 dominum
1192 4437 1566 4505 Ladislaum
1598 4436 1980 4515 Draculiam‚
2011 4451 2136 4517 quo
2171 4434 2392 4500 nuntio
2421 4432 2663 4499 nullum
2691 4431 2974 4499 letiorem

612 4541 1177 4629 jocundioremque
1241 4541 1521 4623 accipere
1580 4538 2024 4623 potuissemuS,
2077 4539 2374 4621 quoniam
2429 4536 2508 4602 ad
2567 4536 2833 4601 salutem
2874 4554 2975 4601 re-
