3793 5187
1745 618 1871 684 215

633 839 704 888 re
741 821 808 887 in
852 820 1115 904 alijsque
1155 818 1532 886 constitutus
1581 838 1738 904 expo
1755 821 1901 902 suit,
1948 819 2015 886 id
2060 823 2274 886 tamen
2315 820 2505 886 michi
2545 821 2803 890 minime
2845 843 2987 906 pro-

627 921 768 989 fuit.
842 922 1159 989 Sanctitas
1193 922 1358 988 enim
1400 928 1615 987 vestra
1649 921 2069 988 inimicorum
2102 941 2383 989 meorum
2411 926 2820 1008 persuasione
2848 945 2987 1008 per-

628 1031 802 1091 mota
839 1025 1124 1110 Regnum
1185 1043 1390 1089 meum
1447 1024 1656 1090 ledere
1715 1023 1756 1089 b
1777 1023 2093 1107 ellumque
2149 1031 2476 1091 cruentum
2534 1028 2849 1093 concitare
2890 1047 2986 1094 re·

630 1126 746 1194 bus
791 1127 1149 1193 christianis
1188 1127 1255 1192 in
1302 1145 1374 1192 eo
1419 1131 1594 1195 statu
1636 1127 1704 1190 in
1748 1145 1872 1209 quo
1933 1146 2102 1193 nunc
2144 1131 2293 1192 sunt
2341 1129 2700 1196 constitutis
2742 1137 2985 1196 rectum

631 1235 696 1296 et
737 1232 970 1296 iustum
1014 1230 1412 1309 existimavit,
1458 1229 1624 1311 quod
1675 1229 1729 1294 si
1777 1228 1937 1295 bene
1987 1235 2197 1294 actum
2245 1231 2347 1310 sit,
2392 1231 2598 1296 exitus
2642 1251 2849 1298 rerum
2878 1234 2985 1299 de-

632 1332 909 1398 clarabit.
984 1333 1232 1398 Interea.
1259 1334 1455 1398 eciam
1486 1331 1769 1396 intellexi
1802 1332 2117 1412 quomodo
2164 1331 2478 1398 Sanctitas
2517 1338 2729 1400 vestra
2762 1335 2984 1419 Woye-

630 1435 853 1500 vodam
896 1435 1225 1500 Moldawie
1268 1432 1635 1516 omagialem
1678 1450 1922 1514 meum,
1980 1434 2307 1516 Regnique
2348 1435 2488 1515 mei,
2542 1436 2609 1500 in
2653 1437 2988 1518 tuicionem

630 1537 786 1620 Regi
834 1537 1155 1619 Hungarie
1192 1535 1511 1602 commend
1524 1535 1728 1600 averit
1767 1535 1945 1600 illum
1992 1553 2032 1599 a
2078 1554 2181 1599 me
2224 1535 2558 1619 Regnoque
2604 1557 2743 1605 meo
2784 1558 2985 1605 remo-

631 1642 832 1707 vendo
874 1640 939 1705 in
983 1658 1189 1704 meum
1228 1638 1560 1721 Regnique
1621 1638 1747 1703 mei
1789 1655 1981 1720 grave
2026 1638 2457 1720 preiudicium,
2510 1659 2649 1706 cum
2691 1641 2985 1725 Regequc

632 1743 952 1827 Hungarie
996 1761 1073 1808 ex
1116 1742 1235 1807 hac
1269 1760 1359 1822 re,
1408 1741 1548 1807 loco
1617 1741 1790 1824 pacis
1859 1740 2145 1806 fomitem
2218 1739 2368 1807 belli
2420 1745 2663 1809 cruenti
2704 1744 2981 1826 iniciens,
3042 1781 3051 1790 ·

633 1847 961 1929 presertim
1025 1845 1142 1912 hoc
1203 1850 1484 1927 tempore
1552 1845 1700 1910 dum
1769 1849 1896 1910 tres
1940 1844 2357 1927 Imperatores
2399 1843 2803 1914 Tartarorum
2843 1867 2985 1915 cum

635 1949 923 2014 maximis
968 1961 1185 2015 eorum
1221 1949 1414 2032 copijs
1459 1947 1527 2014 in
1573 1947 1927 2014 confinibus
1970 1947 2169 2030 Regni
2232 1949 2374 2028 mei,
2437 1949 2689 2030 orisque
2742 1950 2985 2016 Molda-

635 2054 733 2119 vie
763 2052 1090 2136 contiguis,
1140 2052 1578 2117 castrametati
1609 2055 1775 2129 sunt,
1823 2050 1936 2133 qui
1981 2052 2264 2133 Regnum
2291 2070 2498 2117 meum
2540 2052 2668 2117 iam
2709 2053 2775 2117 in
2806 2058 2985 2135 parte

633 2159 980 2234 vastarunt,
1043 2155 1124 2218 ad
1177 2154 1591 2220 resistendum
1633 2153 1891 2236 quibuS,
1963 2173 2102 2219 cum
2174 2161 2483 2236 apparatu
2525 2153 2766 2236 bellicO,
2832 2155 2983 2222 Illu-

638 2264 830 2325 strem
893 2257 1088 2323 filium
1156 2275 1362 2322 meum
1429 2244 1747 2322 do‘minum
1808 2254 2146 2321 Albertum
2190 2257 2349 2338 misi,
2411 2257 2478 2321 in
2522 2257 2758 2340 hocque
2806 2259 2983 2324 auxi-

646 2361 818 2440 lium,
861 2360 1065 2441 michi,
1111 2359 1468 2443 Regnoque,
1526 2364 1599 2424 ut
1645 2358 1725 2423 ab
1769 2357 2060 2440 omagiali
2103 2357 2383 2424 debitum
2428 2359 2781 2425 Woiewode
2822 2360 2984 2425 Mol·

644 2463 824 2529 davie
889 2462 1188 2542 invocavi,
1248 2461 1554 2543 quomodo
1623 2467 1833 2526 autem
1900 2460 2055 2527 illud
2110 2478 2364 2541 sperare
2416 2459 2608 2526 debeo
2649 2465 2983 2546 postquam

643 2565 820 2631 illum
865 2563 1182 2631 Sanctitas
1223 2569 1434 2629 vestra
1497 2562 1682 2629 alteri
1745 2562 2212 2629 comendaverit
2270 2567 2335 2628 et
2370 2561 2697 2629 addixerit.
2786 2563 2983 2629 Fama

643 2670 840 2735 eciam
894 2667 1298 2752 percrebruit,
1372 2668 1678 2751 quomodo
1723 2666 1954 2748 Nuntij
2001 2666 2177 2731 ducis
2231 2666 2646 2748 Moschorum,
2718 2666 2825 2747 qui
2868 2685 2981 2749 pro

644 2772 998 2838 diademate
1037 2770 1234 2853 Regio
1276 2771 1442 2853 apud
1487 2768 1901 2835 Sanctitatem
1939 2772 2209 2833 vestram
2246 2768 2517 2851 agebant
2556 2787 2623 2833 se
2668 2768 2980 2849 iactitant,

638 2874 826 2957 idque
893 2875 1100 2957 palam
1176 2874 1416 2937 cunctis
1488 2890 1624 2937 esse
1696 2870 1976 2951 cupiunt,
2048 2888 2238 2952 seque
2302 2871 2368 2935 in
2432 2870 2724 2954 hospiciis
2796 2870 2982 2953 Regis

641 2977 867 3043 Russie
908 2978 1165 3044 nuntios
1209 2976 1507 3040 titulant..
1587 2972 1656 3037 Si
1699 2972 1792 3037 ita
1839 2975 1957 3053 est,
2028 2972 2194 3052 quod
2261 2969 2576 3037 Sanctitas
2638 2978 2849 3038 vestra
2889 2971 2981 3036 di-

631 3081 875 3163 gnitate
929 3080 1145 3164 Regali
1201 3079 1406 3161 ipsum
1464 3076 1683 3142 ducem
1751 3074 2101 3154 donaverit,
2172 3076 2271 3140 vel
2339 3075 2535 3140 eciam
2603 3075 2981 3157 promiserit,

631 3182 841 3249 nescio
904 3202 1025 3265 que
1088 3182 1258 3247 racio
1312 3180 1572 3247 laudare
1614 3178 1679 3243 id
1724 3182 1941 3260 posset
2007 3196 2148 3242 cum
2192 3177 2375 3243 venia
2416 3182 2627 3243 autem
2669 3177 2979 3259 loquendo

630 3304 757 3351 non
801 3289 1012 3368 posset
1056 3284 1246 3349 Sedes
1276 3281 1619 3365 apostolica
1662 3281 1727 3345 in
1773 3278 2105 3361 Religione
2135 3279 2446 3344 catholica.
2482 3280 2780 3345 maiorem
2810 3299 2978 3345 erro-

630 3408 761 3454 rem
791 3388 1012 3467 facere,
1056 3387 1136 3452 de
1172 3405 1296 3469 quo
1341 3386 1422 3450 ad
1463 3400 1716 3467 presens
1760 3381 2067 3447 subticeo.
2140 3379 2428 3461 Intelligo
2473 3400 2585 3463 ego
2624 3379 2781 3446 bene
2810 3381 2979 3464 alijs-

629 3511 752 3575 que
793 3490 1176 3573 principibus
1239 3489 1585 3565 Rezionum
1661 3484 1929 3550 istarum
2004 3486 2397 3565 perspectum
2455 3488 2569 3562 est,
2638 3484 2787 3565 quid
2830 3484 2975 3549 inde

631 3595 890 3679 periculi
957 3593 1141 3675 quive
1203 3590 1510 3656 tumultus
1576 3606 1698 3671 que
1767 3586 1976 3651 bellici
2042 3585 2209 3650 inter
2250 3584 2564 3666 principes
2608 3584 2974 3651 inferantur.

634 3699 722 3763 Et
787 3716 907 3780 que
974 3700 1124 3761 tunc
1188 3693 1461 3759 defensio
1525 3689 1892 3772 Reipublice
1934 3687 2272 3753 christiane
2325 3688 2648 3769 speranda.
2745 3687 2978 3753 Scribit

631 3802 823 3867 michi
871 3802 1112 3866 interea
1165 3796 1482 3863 Sanctitas
1527 3800 1740 3860 vestra
1781 3793 1849 3858 in
1893 3791 2016 3857 hiis
2060 3809 2183 3873 que
2221 3792 2301 3856 ad
2348 3792 2769 3857 defensionem
2814 3792 2976 3857 chri—

633 3906 903 3971 stianam
947 3921 1022 3968 ex
1066 3900 1288 3979 Turoo,
1358 3917 1544 3980 quam
1609 3895 1929 3963 Sanctitas
2000 3899 2211 3959 vestra
2282 3913 2395 3976 pro
2454 3894 2657 3959 salute
2700 3912 2975 3975 paceque

632 4007 973 4073 christiana
1016 4009 1209 4069 tenet.
1301 4002 1622 4082 Spectant,
1669 4006 1742 4063 ut
1779 3997 2043 4062 nuncios
2098 4014 2268 4062 meos
2303 3997 2369 4060 in
2406 3994 2624 4061 urbem
2660 3995 2987 4061 mitterem·

631 4111 714 4175 ad
762 4107 1240 4175 consultandum
1300 4124 1441 4171 cum
1507 4101 1769 4167 Nunciis
1838 4100 2107 4165 aliorum
2174 4098 2413 4181 Regum
2474 4104 2540 4162 et
2603 4098 2971 4180 principum.

628 4213 1002 4279 Beatissime
1053 4217 1235 4293 pater
1275 4226 1459 4289 equm
1504 4210 1619 4285 est,
1680 4207 1755 4269 ut
1817 4202 2092 4286 primum
2135 4200 2320 4266 rebus
2379 4200 2647 4282 propriis
2713 4200 2974 4282 quisque

633 4316 921 4381 consulat
963 4320 1030 4379 et
1073 4311 1435 4395 opituletur,
1483 4326 1670 4390 quam
1700 4306 1780 4371 ad
1807 4305 1939 4370 alia
1983 4323 2049 4370 se
2080 4303 2375 4369 conferat.
2451 4302 2737 4385 Regnum
2766 4320 2972 4367 meum

632 4421 726 4484 ita
769 4437 882 4500 per
926 4415 1340 4481 Sanctitatem
1387 4416 1657 4477 vestram
1702 4409 1902 4474 lesum
1947 4413 2012 4473 et
2056 4404 2316 4471 turbato⁴
2424 4408 2689 4489 oportet,
2734 4410 2807 4470 ut
2846 4405 2971 4487 pri-

629 4542 800 4589 mum
861 4522 1056 4587 statui
1122 4538 1233 4585 suo
1295 4519 1388 4583 ita
1453 4513 1818 4599 perturbato
1880 4512 2182 4577 consulat.
2274 4425 2529 4632 Issssfiitui
2574 4508 2787 4590 itaque
2830 4523 2972 4589 pro-
