3793 5187
1794 442 1915 511 105

696 646 807 715 bili
836 666 1111 732 congrua
1152 652 1219 715 et
1262 646 1541 730 honesta,
1588 650 1740 716 velit
1777 669 2096 715 remanere
2131 654 2479 731 contentus,
2523 670 2710 733 quam
2740 648 3022 717 habenti-

694 750 809 819 bus
844 750 1023 817 nobis
1068 757 1313 817 tantum
1352 770 1507 817 onus
1550 752 1615 818 in
1661 753 1777 819 hac
1807 754 2114 836 impresia‚
2162 756 2458 834 quantum
2491 752 2716 818 habere
2747 755 3021 819 videmus

696 854 867 920 nullo
908 853 1091 920 modo
1138 853 1325 920 aliter
1364 853 1709 921 deliberare
1752 873 1934 937 posse
1975 856 2270 921 videmus

999 973 1100 1038 De
1140 978 1324 1054 parte
1368 974 1469 1039 60.

900 1176 1016 1243 Ser
1058 1178 1276 1243 Victor
1318 1178 1561 1245 Delfino
1604 1184 1794 1262 caput
1833 1180 1914 1245 de
1956 1178 2130 1245 XL‘2·
2185 1180 2355 1261 Vult,
2403 1180 2568 1263 quod
2614 1180 2874 1263 primum
2921 1198 3021 1245 ca-

694 1278 959 1361 pitulum
1007 1280 1452 1347 commissionis
1500 1281 1869 1348 reformetur
1926 1284 1989 1347 in
2051 1288 2312 1363 tantum,
2374 1284 2538 1366 quod
2587 1284 2762 1365 galee
2804 1300 3020 1365 supra·

694 1380 927 1463 scripte
972 1388 1373 1449 exerceantur
1416 1390 1634 1451 contra
1658 1384 1928 1450 Teucros
1971 1386 2034 1450 in
2080 1386 2364 1467 partibus
2395 1387 2710 1464 Romanie,
2756 1390 2822 1450 et
2849 1384 3018 1463 alibi,

698 1480 823 1563 ubi,
872 1489 937 1548 et
980 1484 1143 1551 sicut
1179 1486 1485 1552 exercitus
1532 1488 1966 1553 cristianorum
2013 1494 2234 1554 contra
2275 1490 2544 1555 Teucros
2587 1508 2653 1554 se
2697 1485 3022 1566 conferret,

696 1584 889 1651 etiarn
934 1586 1106 1652 intra
1148 1588 1521 1667 Danubium,
1590 1608 1715 1655 non
1776 1592 2081 1673 possendo
2125 1595 2334 1656 tamen
2379 1591 2578 1657 dictas
2618 1590 2829 1673 galeas
2872 1588 3022 1655 alibi

696 1689 972 1755 exerceri
1019 1695 1235 1756 contra
1277 1690 1547 1773 aliquem
1591 1692 1782 1758 alium
1826 1695 2029 1760 locum
2075 1694 2255 1759 nobis
2299 1693 2582 1758 amicum.

894 1808 969 1873 In
1012 1809 1267 1891 reliquis
1310 1817 1519 1878 autem
1564 1812 1847 1878 omnibus
1892 1813 2182 1897 capitulis
2229 1817 2294 1878 et
2339 1811 2618 1896 partibus
2665 1812 3012 1877 commissio

692 1910 932 1976 medius
980 1912 1202 1977 tertius
1261 1920 1462 1996 capta,
1522 1914 1702 1979 firma
1758 1920 2095 1994 remaneat,
2159 1915 2244 1979 Et
2303 1916 2468 1980 circa
2529 1915 2644 1981 hoc
2711 1914 2868 1981 fiant
2909 1934 3024 1997 per

695 2012 1017 2097 collegium
1076 2014 1182 2081 ille
1245 2016 1645 2083 rationabiles
1689 2023 1754 2083 et
1793 2017 2000 2085 debite
2059 2018 2486 2084 excusationes
2531 2036 2668 2082 cum
2714 2017 3020 2082 Reveren-

694 2114 949 2181 dissimo
991 2117 1239 2183 domino
1287 2118 1541 2201 Legato,
1587 2140 1707 2203 que
1749 2122 1971 2186 merito
2015 2120 2146 2186 fieri
2187 2120 2427 2187 debent.

995 2236 1091 2303 De
1126 2242 1305 2319 parte
1460 2244 1558 2305 21.

996 2338 1093 2404 De
1134 2358 1258 2405 non
1460 2344 1561 2408 24.

996 2440 1140 2508 Non
1186 2444 1407 2510 sinceri
1502 2448 1560 2511 6.

1608 2635 1710 2703 Die
1752 2635 1906 2702 xlm.
1949 2635 2106 2702 lunii.

902 2765 1057 2835 Cum
1104 2771 1266 2836 sicut
1310 2771 1591 2854 superius
1637 2771 2014 2854 scripsimus
2061 2776 2126 2837 et
2167 2771 2290 2836 dici
2331 2769 2584 2836 fecimus
2614 2768 3019 2835 Serenissimo

696 2869 945 2938 domino
986 2871 1140 2956 Regi
1184 2872 1439 2940 Polonie
1482 2880 1547 2940 et
1588 2873 2124 2940 Reverendissimo
2169 2873 2417 2938 domino
2457 2872 2771 2938 Cardinali
2805 2869 3019 2936 Sancti

696 2972 917 3056 Angeli
959 2975 1195 3058 Legato
1243 2976 1598 3058 Apostolico
1642 2977 1892 3043 mittere
1936 2976 2331 3059 promisimus
2381 2977 2570 3042 etiam
2613 2976 2690 3040 de
2735 2975 2871 3040 aliis
2911 2995 3021 3057 ga-

695 3074 809 3142 leis
852 3077 1103 3158 nostriS,
1164 3078 1335 3144 ultra
1388 3081 1599 3161 galeas
1659 3079 1760 3145 hic
1815 3085 2090 3145 armatas
2135 3081 2380 3144 nomine
2423 3077 2656 3144 Summi
2701 3076 3020 3143 Pontificis

696 3181 761 3244 et
796 3178 1005 3245 Incliti
1048 3179 1281 3246 domini
1326 3181 1517 3248 Ducis
1554 3182 1927 3266 Burgondie‚
1975 3183 2053 3248 ad
2096 3182 2448 3264 impresiam
2480 3185 2698 3247 contra
2725 3179 3013 3260 Teucros,

695 3280 902 3364 sitque
943 3280 1141 3349 honor
1182 3283 1319 3364 Dei,
1364 3291 1430 3350 et
1472 3285 1637 3350 fama
1680 3285 1879 3351 nostri
1928 3284 2201 3365 dominii,
2248 3286 2479 3349 nostris
2509 3282 3018 3366 promissionibus

694 3383 1069 3466 satisfacere,
1108 3389 1192 3473 ut,
1225 3404 1300 3451 ea
1346 3405 1466 3468 que
1502 3385 1705 3453 fienda
1749 3392 1898 3452 sunt
1939 3388 2134 3470 magis
2178 3390 2464 3468 potentes
2511 3385 2684 3450 fiant.

898 3505 1093 3572 Vadit
1136 3523 1301 3588 para,
1366 3505 1532 3588 quod
1589 3505 1898 3572 scribatur
1939 3512 2006 3572 et
2046 3506 2374 3572 mandetur
2421 3504 2762 3587 Capitaneo
2805 3509 3018 3569 nostro

697 3603 875 3688 culfi,
921 3609 1088 3690 quod
1126 3626 1312 3675 unam
1357 3627 1433 3674 ex
1473 3609 1667 3690 galeis
1710 3609 1944 3675 nostris
1988 3609 2066 3674 de
2109 3607 2408 3688 VenetiiS,
2471 3626 2592 3689 que
2640 3607 2860 3673 melius
2902 3606 3024 3671 erit

694 3708 761 3775 in
811 3710 1045 3790 ordine,
1114 3711 1365 3775 mittere
1424 3709 1649 3776 debeat
1707 3712 1787 3776 ad
1846 3711 2260 3778 obedientiam
2321 3710 2438 3774 viri
2496 3709 2737 3774 Nobilis
2795 3709 3022 3774 Aluisii

694 3810 1063 3879 Lauredano
1100 3814 1522 3895 procuratoris
1568 3812 1875 3896 capitanei
1915 3814 2232 3896 galearum
2273 3811 2508 3878 Summi
2557 3810 2889 3892 Pontificis,
2938 3811 3024 3875 Et

694 3914 959 3982 ulterius
1002 3913 1316 3980 scribatur
1358 3923 1425 3982 et
1464 3915 1793 3982 mandetur
1834 3916 2146 3997 Regimini
2190 3914 2596 3999 Nigropontis
2639 3932 2749 3995 per
2776 3914 3020 3995 galeam

696 4021 991 4098 nostram,
1052 4018 1275 4085 deinde
1316 4018 1603 4084 similiter
1644 4019 1898 4084 mittere
1937 4017 2162 4085 debeat
2211 4017 2290 4082 ad
2345 4016 2754 4082 obedientiam
2796 4013 3022 4097 prefati

697 4119 1041 4204 capitanei,
1096 4119 1185 4185 Et
1227 4120 1342 4185 hoc
1384 4121 1545 4186 idem
1603 4120 1935 4186 mandetur
1993 4119 2301 4202 Regimini
2363 4119 2656 4202 Neapolis
2698 4117 3020 4198 Romanis,

696 4223 858 4306 quod
904 4222 1095 4288 faciat
1138 4223 1217 4288 de
1254 4222 1501 4304 galeota
1543 4224 1780 4304 deinde,
1834 4222 2138 4289 Similiter
2179 4223 2368 4288 etiam
2397 4221 2600 4288 facere
2626 4221 2868 4301 debeat,
2913 4239 3022 4302 ga-

694 4325 861 4392 leota
900 4330 1119 4391 nostra
1159 4324 1453 4390 Tinarnm
1497 4329 1562 4390 et
1604 4325 2051 4406 ffichonarnm,
2099 4323 2474 4408 Egeopelagi
2517 4331 2582 4390 et
2617 4324 2884 4404 Andre8‚
2931 4322 3015 4388 ad
