3793 5187
1763 613 1885 676 159

656 817 860 884 xum.
909 818 1203 884 militum.
1297 817 1416 884 Est
1458 822 1746 900 preterea
1785 834 1938 900 gens
1974 815 2211 898 perfida
2256 814 2511 882 inimica
2554 816 3013 899 cristianorum,

678 919 1014 986 instabilis.
1103 920 1402 986 Consueti
1459 923 1526 984 et
1567 919 1703 1002 apti
1749 919 1977 999 vivere,
2038 918 2118 984 ab
2173 937 2299 1000 qua
2350 919 2508 984 nihil
2567 920 2687 985 11181
2756 921 3015 986 exitium

664 1022 776 1087 ubi
839 1023 1211 1104 prevaleant
1273 1039 1592 1105 nunquam
1658 1025 1757 1086 est
1823 1021 2294 1103 expectandum.
2381 1021 2557 1100 Quod
2619 1023 2674 1088 si
2726 1022 3013 1088 dominus

659 1143 773 1190 rex
812 1126 1054 1191 videret
1099 1125 1338 1207 aliquid
1381 1125 1688 1191 commodi
1731 1144 1809 1190 ex
1851 1143 1930 1189 08
1969 1130 2157 1207 gente
2200 1143 2381 1206 posse
2424 1125 2610 1191 rebus
2648 1124 3013 1192 christianis

669 1227 980 1308 obvenire,
1021 1246 1146 1293 non
1189 1227 1572 1294 detrectaret
1626 1227 1801 1309 regia
1860 1225 2228 1292 Sublimitas
2284 1227 2631 1310 impensam
2672 1233 2784 1294 aut
2841 1227 3013 1294 labo·

667 1350 800 1395 rem
843 1331 1116 1411 aliquem
1164 1348 1278 1412 pro
1319 1330 1432 1394 illa
1474 1330 1678 1411 pretio
1709 1333 1775 1395 et
1805 1328 2173 1394 muneribus
2214 1329 2519 1396 alicienda
2558 1337 2623 1396 et
2665 1331 3015 1398 inducenda

673 1435 754 1502 ad
802 1433 1160 1514 impresiam
1215 1437 1436 1498 contra
1488 1431 1911 1498 Othomanum
1974 1449 2362 1498 communem
2420 1432 2683 1513 hostem,
2744 1433 3015 1500 nullum·

665 1554 790 1618 que
829 1554 1163 1618 regnorum
1206 1553 1458 1600 suorum
1501 1535 1844 1616 periculum
1904 1540 2245 1600 recusaret.
2334 1534 2458 1602 Sed
2520 1554 2661 1602 cum
2702 1555 2856 1618 gens
2901 1537 3015 1602 hu-

660 1639 928 1704 iusmodi
969 1637 1292 1703 hominum
1335 1637 1638 1720 perfidum
1685 1639 1788 1718 sit,
1819 1655 2034 1720 rapax,
2079 1637 2441 1704 inconstans
2484 1642 2549 1704 et
2594 1644 2817 1704 contra
2849 1638 3007 1704 Tur-

667 1741 852 1808 chum
896 1741 1240 1807 invalidum
1285 1747 1350 1806 et
1404 1740 1783 1806 imbecillum
1828 1740 2034 1806 causis
2081 1745 2147 1806 et
2191 1740 2547 1806 rationibus
2592 1741 3010 1823 supradictis:

669 1843 968 1926 relinquit
1012 1845 1192 1924 regia
1236 1842 1603 1908 Sublimitas
1649 1842 2141 1908 considerationi
2187 1848 2253 1907 01
2295 1847 2547 1908 maturo
2584 1842 2817 1924 juditio
2862 1843 3013 1908 Illu-

665 1947 963 2014 strissimi
1006 1945 1301 2027 Dominii,
1358 1945 1510 2026 quid
1556 1945 1937 2029 sperandum
1981 1947 2519 2026 expectandumve
2576 1950 2644 2011 et
2703 1945 3013 2028 agendum

664 2050 750 2116 sit
790 2051 856 2114 in
901 2048 1263 2130 huJusmodi
1304 2049 1606 2130 practicis
1653 2055 1718 2114 et
1759 2048 2050 2132 negotiis-

869 2153 1016 2218 Duo
1087 2156 1236 2216 sunt
1298 2151 1578 2232 reliqua:
1647 2152 1939 2218 Alterum
2006 2152 2305 2234 quoniam
2371 2151 2767 2218 secretarius
2840 2152 3017 2235 regie

683 2255 1108 2322 Sublimitatis
1152 2255 1444 2337 exposuit
1485 2254 1584 2321 bis
1641 2274 1760 2336 per
1803 2257 2146 2322 dominium
2206 2255 2449 2321 oratori
2487 2273 2603 2320 suo
2648 2256 2714 2320 111
2756 2255 3015 2338 Hunga-

669 2359 766 2424 ria
807 2359 1018 2440 agenti
1060 2359 1456 2424 commissum
1478 2356 1674 2423 fuisse
1697 2363 1772 2422 ut
1795 2359 1876 2423 ad
1906 2359 2145 2440 regiam
2191 2358 2587 2450 Maiestatem
2612 2358 2869 2423 Polonie
2911 2377 3014 2424 ac-

669 2461 936 2536 cederet,
982 2466 1047 2525 et
1088 2479 1204 2542 per
1244 2459 1482 2542 Regem
1527 2459 1832 2526 Mathiam
1877 2460 2072 2527 fuisse
2115 2465 2450 2539 retentum,
2496 2461 2798 2527 Maiestas
2842 2462 3015 2544 regia
3054 2512 3059 2516 .

676 2562 958 2646 cogitans
1006 2580 1258 2628 causam
1303 2580 1428 2629 11011
1494 2561 1687 2629 fuisse
1750 2563 2221 2647 negligendam:
2291 2565 2463 2645 cupit
2505 2567 2571 2629 01
2633 2563 2796 2645 110111
2842 2564 3014 2630 advi-

665 2665 821 2745 sari,
895 2684 1052 2748 (11188
1117 2662 1198 2729 ob
1265 2683 1366 2731 res
1437 2665 1759 2731 dominum
1829 2671 2141 2733 oratorem
2205 2667 2555 2748 predictum
2620 2667 2875 2733 mittere
2934 2667 3013 2732 ad

665 2767 841 2833 illius
889 2768 1272 2848 presentiam
1344 2768 1745 2849 instituerat,
1812 2774 1886 2834 ut
1944 2769 2080 2851 ipsa
2144 2768 2445 2835 Maiestas
2516 2770 2723 2835 valeat
2766 2771 2819 2837 si
2864 2770 3014 2853 quid

675 2870 905 2937 accidit
951 2872 1116 2952 quod
1162 2869 1370 2936 facere
1410 2871 1614 2953 possit
1655 2870 2090 2937 Illustrissimo
2136 2870 2429 2937 Dominio
2473 2872 2830 2955 gratificari.

879 2972 1172 3037 Alterum
1217 2973 1334 3040 hoc
1377 2977 1506 3037 est:
1583 2974 1906 3039 Intellexit
1944 2974 2124 3055 regia
2162 2974 2464 3041 Maiestas
2510 2975 2869 3040 convenisse
2912 2993 3013 3039 su-

668 3074 901 3157 periori
948 3094 1112 3142 anno
1157 3075 1260 3143 hic
1303 3080 1586 3144 oratores
1628 3077 2055 3160 potentiarum
2101 3076 2585 3143 christianorum
2628 3097 2740 3161 pro
2765 3078 3013 3143 consul-

675 3179 873 3244 tanda
915 3180 1184 3243 materia
1228 3176 1588 3261 christiana,
1632 3181 1799 3245 unde
1841 3180 2020 3262 regia
2064 3179 2431 3245 Sublimitas
2476 3180 2649 3261 cupit
2709 3185 3013 3263 quantum

683 3280 780 3347 fas
819 3281 908 3346 sit
943 3280 1302 3363 intelligere
1349 3280 1549 3347 factas
1607 3282 2085 3348 deliberationes
2150 3290 2215 3348 et
2271 3285 2557 3349 decretas
2602 3283 3010 3365 provisiones»,

671 3383 844 3448 circa
882 3382 1049 3448 vires
1091 3384 1343 3449 modum
1387 3390 1634 3466 tempus
1677 3390 1741 3450 et
1783 3390 1993 3451 cetera
2049 3384 2394 3451 deliberata
2456 3390 2522 3452 et
2588 3386 2760 3452 facta
2801 3405 3013 3452 110008-

653 3485 834 3551 saria
875 3503 991 3567 pro
1037 3486 1404 3551 exterminio
1447 3492 1751 3568 quantum
1792 3488 1945 3553 deus
1992 3487 2351 3567 permiserit
2393 3506 2613 3555 causas
2658 3487 2894 3553 inimici
2939 3494 3012 3553 ut

671 3588 846 3671 regia
890 3606 1006 3653 8118
1051 3586 1424 3654 Sublimitas
1474 3588 1818 3654 consultius
1863 3591 2060 3655 statui
2097 3589 2407 3672 rebusque
2450 3590 2581 3655 suis
2622 3590 2829 3656 valeat
2870 3608 3013 3673 pro-

671 3690 931 3772 spicere.
1012 3689 1070 3754 N
1073 3709 1154 3755 on
1201 3691 1363 3757 enim
1401 3690 1651 3756 dubitat
1694 3691 1867 3773 regia
1910 3690 2272 3758 Sublimitas
2317 3690 2651 3774 Turchum,
2695 3694 2805 3774 qui
2848 3712 3011 3759 anno

669 3792 976 3872 superiori
1005 3791 1369 3858 Danubium
1414 3793 1698 3859 omnibus
1737 3793 1975 3859 viribus
2005 3794 2277 3875 traiecit,
2322 3814 2453 3860 rem
2491 3795 2759 3862 antehac
2799 3796 3013 3862 insoli-

671 3903 802 3959 tam
846 3894 1198 3960 inauditam
1239 3896 1490 3978 penitus
1529 3895 1594 3960 in
1636 3896 1879 3963 viscera
1942 3895 2425 3963 christianorum
2468 3914 2606 3963 esse
2650 3904 3013 3980 penetratu·

678 4016 839 4076 rum,
887 4001 960 4061 ut
1002 3997 1172 4079 quod
1216 3997 1408 4064 semel
1465 4004 1762 4079 superato
1806 4002 1870 4062 et
1915 3998 2279 4063 transmisso
2322 3998 2611 4065 Danubio
2657 4000 3012 4065 existimato

671 4098 1086 4182 insuperabili
1133 4107 1202 4165 et
1245 4099 1444 4181 clipeo
1475 4098 1957 4166 christianorum
2000 4098 2482 4183 inexpugnabili,
2512 4120 2637 4167 non
2680 4107 2778 4167 est
2807 4118 3010 4166 cessa-

673 4205 858 4267 turus
926 4201 1007 4267 ab
1051 4202 1373 4269 invasione
1435 4207 1502 4269 et
1565 4202 1969 4285 oppressione
2031 4220 2365 4285 regnorum
2408 4222 2681 4285 suorum,
2726 4203 3011 4271 universe

653 4303 1006 4370 ⁵Germanic
1049 4308 1116 4371 et
1156 4305 1540 4388 reliquorum
1583 4304 2063 4371 christianorum
2105 4305 2475 4388 principum.

1006 4422 1273 4493 (Archivio
1313 4423 1372 4479 di
1410 4423 1564 4479 Stato
1598 4424 1654 4478 in
1699 4423 1961 4493 Venezia).

733 4508 1156 4565 Deliberationi
1192 4510 1403 4565 Senato
1438 4507 1668 4577 Sem-eti,
1705 4526 1828 4579 reg.
1864 4510 1933 4566 27
1968 4526 2016 4563 c.
2055 4509 2172 4565 119.
