3793 5187
1917 492 1998 558 77

797 722 1073 789 declaret
1114 720 1255 785 iura
1298 735 1415 783 sua
1457 715 1753 799 quoniam
1795 714 2175 780 intendimus
2231 713 2440 777 facere
2491 708 2772 778 debitum
2814 713 3118 787 nostrum,

797 830 862 890 et
905 842 1027 889 non
1072 822 1192 887 nisi
1231 823 1399 886 iusta
1444 836 1710 903 querere
1758 822 1825 883 et
1865 816 2077 882 facere
2124 815 2562 881 deliberamus.

1098 942 1198 1005 De
1241 945 1428 1021 parte
1472 940 1555 1004 33
1582 974 1667 985 —-
1688 939 1791 1001 42.

1002 1128 1400 1209 scripsimus
1424 1126 1543 1190 sub
1592 1124 1693 1189 die
1739 1123 1819 1189 Π.
1856 1122 2150 1189 instantis
2211 1120 2678 1204 Magnificentie
2721 1121 2954 1188 Vestre
3001 1121 3123 1187 Co-

806 1234 1023 1298 mitem
1071 1236 1357 1295 nostrum
1402 1226 1647 1308 Spaleti
1706 1226 1822 1291 sub
1868 1230 2088 1291 nostra
2147 1230 2518 1305 acceptasse
2561 1222 2924 1289 obedientia
2963 1224 3125 1305 poli-

801 1354 939 1401 zam
980 1339 1049 1399 et
1092 1332 1473 1407 dalmissam,
1521 1328 1691 1409 quod
1730 1327 1914 1393 nobis
1959 1326 2296 1391 videbatur
2339 1326 2605 1391 iuridice
2647 1324 2788 1391 fieri
2815 1327 3122 1408 potuisse,

804 1437 1095 1519 quoniam
1146 1452 1223 1499 ea
1266 1433 1407 1497 loca
1451 1429 1831 1495 tenebantur
1893 1447 2012 1509 per
2060 1428 2370 1493 Comitem
2436 1426 2757 1494 Stefanum
2804 1427 3124 1510 publicum

808 1546 872 1605 et
917 1535 1237 1603 notorium
1282 1533 1529 1598 hostem
1577 1536 1879 1597 nostrum.
1949 1532 2048 1597 Ex
2079 1536 2306 1613 postea
2337 1550 2490 1597 vero
2532 1531 2857 1597 certiorati
2900 1530 3127 1599 fuimus

804 1638 1336 1723 Magnificentiam
1375 1636 1669 1700 Vestram
1714 1633 2100 1715 pretendere
2163 1632 2262 1698 ius
2323 1633 2388 1697 in
2447 1633 2631 1699 dictis
2675 1633 2830 1698 locis
2875 1632 3128 1713 habere,

812 1762 949 1807 cum
1002 1744 1249 1806 asserat
1294 1756 1371 1802 ea
1414 1736 1832 1802 iurisdicionis
1876 1736 2190 1801 bannatus
2235 1735 2331 1799 sui
2369 1734 2664 1801 Crovatie
2707 1752 2868 1815 esse,
2913 1739 2980 1801 et
3021 1736 3132 1801 illa

807 1846 977 1911 dicat
1021 1861 1139 1925 per
1178 1839 1481 1905 Comitem
1530 1837 1855 1904 Stefanum
1901 1836 2254 1917 predictum
2291 1836 2570 1901 indebite
2618 1835 2814 1903 fuisse
2855 1836 2914 1901 ei
2946 1853 3130 1903 occu-

806 1952 978 2029 pata.
1062 1944 1147 2009 Et
1190 1944 1339 2024 quia
1386 1942 1631 2007 sincere
1702 1939 2017 2021 diligimus
2083 1936 2612 2020 Magnificentiam
2657 1937 2953 2005 Vestram
2992 1957 3133 2004 cum

811 2068 935 2131 qua
978 2046 1357 2112 intendimus
1404 2041 1818 2108 amicabiliter
1862 2042 2076 2107 vivere
2123 2048 2187 2107 et
2230 2041 2390 2108 bene
2435 2042 2718 2123 vicinari,
2786 2048 2851 2109 et
2893 2060 3010 2108 nec
3054 2042 3134 2108 de

812 2171 945 2223 suo,
991 2167 1106 2214 nec
1154 2148 1231 2214 de
1262 2148 1405 2226 alio,
1452 2146 1784 2229 quicquam
1828 2153 2044 2225 preter
2074 2146 2406 2223 iusticiam,
2455 2150 2770 2227 appetere,
2819 2149 3128 2225 tenentes,

810 2253 977 2336 quod
1028 2249 1439 2315 existentibus
1512 2248 1695 2312 dictis
1736 2248 1890 2311 locis
1936 2247 1999 2310 in
2043 2246 2329 2311 manibus
2395 2244 2858 2328 Magnificentie
2902 2247 3133 2313 Vestre

814 2355 1053 2420 Civitas
1101 2357 1165 2417 et
1208 2350 1444 2416 subditi
1485 2349 1686 2414 nostri
1732 2347 2060 2428 spaletini,
2124 2366 2200 2413 ac
2255 2352 2468 2414 cetera
2521 2349 2662 2414 loca
2703 2354 2922 2415 nostra
2964 2348 3137 2415 illam

810 2457 1035 2521 bonam
1074 2452 1433 2518 habuerunt
1477 2451 1863 2527 societatem,
1911 2468 2100 2530 quam
2142 2449 2470 2529 haberent,
2514 2451 2570 2515 si
2615 2450 2785 2517 dicta
2825 2452 2950 2517 duo
2993 2451 3136 2517 loca

811 2560 875 2624 in
918 2555 1205 2622 manibus
1264 2553 1498 2618 nostris
1564 2556 1793 2632 essent,
1857 2552 2151 2618 iussimus
2201 2551 2428 2619 Comiti
2477 2557 2696 2619 nostro
2742 2552 3006 2636 Spaleti,
3063 2558 3138 2620 ut

813 2662 891 2727 de
930 2659 1114 2725 dictis
1156 2656 1315 2722 locis
1364 2674 1488 2720 non
1532 2673 1601 2720 se
1644 2654 1965 2734 impediat,
2030 2654 2142 2720 sed
2211 2655 2377 2752 sinat
2433 2654 2966 2737 Magnificentiam
3007 2656 3136 2723 Ve-

814 2766 1011 2828 stram
1055 2760 1264 2824 facere
1306 2763 1379 2822 ut
1420 2759 1476 2822 ei
1521 2756 1852 2820 videbitur.

1122 2878 1219 2943 De
1261 2882 1444 2960 parte
1490 2877 1589 2940 17.

1022 3065 1150 3131 Sub
1202 3064 1303 3130 die
1346 3063 1429 3128 ΙΙ.
1473 3063 1790 3144 presentis
1833 3061 1916 3126 ad
1960 3061 2495 3144 Magnificentiam
2543 3061 2838 3129 Vestram
2887 3063 3141 3147 scripsi-

816 3187 977 3244 mm,
1040 3167 1308 3251 primum
1358 3163 1871 3245 congratulantes
1935 3182 2051 3230 nos
2099 3183 2237 3229 cum
2283 3165 2502 3229 eadem
2546 3165 2626 3231 de
2670 3165 2878 3231 reditu
2921 3185 3037 3231 suo
3081 3168 3145 3232 in

818 3271 1112 3353 patriam,
1178 3268 1405 3332 deinde
1453 3267 1517 3331 in
1564 3266 1745 3332 factis
1805 3267 2012 3348 polize
2059 3271 2125 3332 et
2171 3267 2484 3346 dalmisse,
2552 3285 2674 3351 que
2732 3268 2877 3334 loca
2921 3268 3147 3335 Comes

822 3377 1041 3438 noster
1086 3369 1327 3453 Spaleti
1372 3388 1573 3450 nuper
1618 3370 1877 3451 accepit,
1928 3371 2197 3437 diximus
2245 3377 2546 3452 quantum
2594 3377 2744 3438 tunc
2789 3390 2990 3455 usque
3034 3392 3147 3438 no-

822 3475 919 3541 bis
949 3472 1352 3539 scribendum
1385 3472 1679 3550 occurrit,
1706 3474 2249 3538 commemorando
2282 3473 2448 3538 inter
2475 3479 2706 3552 cetera,
2732 3473 2904 3556 quod
2934 3473 3150 3540 existi-

824 3577 1157 3642 mabamus
1224 3575 1415 3640 talem
1479 3574 2005 3639 intromissionem
2069 3575 2328 3641 Comitis
2390 3575 2590 3640 nostri
2649 3575 2911 3658 Spaleti‚
2981 3575 3155 3642 licite

824 3679 963 3744 fieri
1006 3678 1309 3760 potuisse,
1352 3695 1491 3742 cum
1533 3675 1676 3740 loca
1719 3677 1858 3757 ipsa
1899 3677 1978 3742 dc
2005 3675 2294 3743 manibus
2328 3677 2590 3744 Comitis
2631 3677 2874 3744 Stefani
2916 3675 3151 3760 publici

828 3781 1030 3846 liostis
1079 3781 1299 3858 nostri,
1348 3797 1487 3844 cum
1532 3797 1656 3860 quo
1688 3797 1938 3845 eramus
1983 3781 2047 3844 in
2092 3785 2312 3862 aperto
2342 3780 2530 3862 bello,
2577 3767 2840 3863 accepta
2868 3779 3152 3847 fuissent.

828 3883 1015 3948 Nunc
1060 3887 1269 3948 autem
1312 3881 1658 3964 pleniorem
1711 3881 2019 3948 habentes
2071 3884 2370 3948 noticiam
2420 3887 2484 3948 et
2529 3881 3032 3948 informationem
3079 3882 3156 3948 de

828 3984 955 4050 ista
1004 3985 1289 4062 materia,
1336 3982 1887 4065 intelligentesque
1945 3983 2475 4066 Magnificentiam
2519 3985 2815 4050 Vestram
2858 3984 2956 4050 ius
3009 4003 3155 4066 pre-

832 4086 1097 4152 tendere
1126 4087 1204 4151 ·in
1246 4085 1405 4150 locis
1450 4085 1751 4166 predictis
1794 4087 2042 4151 ratione
2087 4087 2417 4166 bannatus,
2489 4091 2554 4152 et
2610 4086 2781 4167 quod
2837 4087 2978 4152 loca
3019 4085 3160 4167 ipsa

834 4188 1125 4270 primitus
1167 4185 1551 4270 possidebat²
1610 4191 1677 4252 et
1737 4188 1906 4268 quod
1969 4188 2089 4254 sibi
2132 4189 2346 4253 ablata
2387 4187 2642 4254 fuerunt
2687 4206 2802 4269 per
2845 4187 3160 4268 prefatum

828 4289 1137 4355 Comitem
1187 4287 1516 4354 Stefanum
1564 4307 1701 4354 cum
1748 4307 1872 4371 quo
1915 4297 2076 4370 erat,
2121 4296 2186 4356 et
2224 4292 2288 4354 in
2317 4290 2599 4372 presenti
2631 4289 2820 4354 estin
2855 4291 3160 4372 treuguis‚

832 4389 1123 4472 dispositi
1170 4408 1311 4457 cum
1349 4390 1585 4456 Vestra
1630 4390 2102 4474 Magnificentia
2165 4409 2238 4456 ac
2282 4409 2419 4456 cum
2463 4388 2816 4472 Magnificis
2859 4389 3161 4456 fratribus

2799 4509 2873 4564 6⁴}
