3793 5187
1826 483 1866 543 9

677 687 881 753 henda
943 685 1128 751 simul
1185 690 1251 750 et
1308 684 1760 768 subsequenter
1821 702 2009 766 super
2061 683 2277 748 relatis
2333 701 2444 764 per
2500 681 2891 747 honorabiles
2948 686 3012 748 et

681 789 1178 874 elegantissimos
1220 787 1653 853 ambaxatores
1706 805 1852 853 suos
1890 787 2208 852 dominum
2265 785 2648 867 prepositum
2692 784 3010 850 Vradisla-

677 894 947 959 viensem
990 897 1055 958 et
1090 891 1405 958 dominum
1449 888 1875 954 vexilliferum
1925 888 2393 954 cracoviensem
2448 887 2777 952 redeuntes
2822 905 2861 951 a
2906 906 3010 952 cu-

676 997 773 1060 ria
828 996 1128 1074 Romana,
1194 992 1419 1076 quibus
1462 993 1917 1075 aliquantulum
1979 992 2375 1075 apperuimus
2417 995 2687 1056 mentem
2731 995 3008 1056 nostram

676 1117 787 1180 pro
833 1097 995 1164 bono
1055 1096 1309 1162 consilio
1360 1101 1425 1160 et
1467 1095 1817 1160 hortamine
1871 1113 1982 1160 sue
2036 1094 2387 1159 Maiestatis
2451 1093 2747 1159 vellemus
2806 1094 3009 1174 ipsum

677 1201 969 1266 nuncium
1014 1218 1195 1265 suum
1238 1199 1319 1263 ad
1362 1217 1473 1263 nos
1523 1198 1779 1262 missum
1838 1196 2066 1262 clarius
2123 1195 2463 1262 certificare
2519 1197 2597 1262 de
2653 1199 2870 1261 nostra
2914 1195 3009 1260 in-

678 1303 955 1369 tentione
998 1306 1062 1368 et
1104 1302 1169 1366 in
1206 1300 1371 1366 facto
1416 1299 1825 1382 colligationis
1869 1304 2118 1364 nostros
2170 1297 2601 1363 ambaxatores
2644 1318 2783 1364 cum
2827 1298 3010 1380 plena

680 1405 990 1484 libertate,
1036 1405 1115 1470 ad
1160 1423 1337 1469 suam
1370 1403 1813 1468 Celsitudinem
1844 1403 2155 1467 destinare
2199 1401 2346 1466 dum
2389 1401 2567 1466 nobis
2609 1401 2898 1482 placeret,
2945 1403 3011 1465 et

677 1511 825 1592 quia
854 1509 1086 1574 veritas
1116 1512 1213 1573 est
1240 1511 1306 1572 et
1332 1507 1552 1572 exinde
1579 1511 1860 1572 nostrum
1888 1505 2273 1588 propositum
2304 1504 2633 1584 emanavit,
2680 1505 2844 1586 quod
2874 1507 3007 1568 tum

681 1633 753 1679 ex
799 1611 1141 1677 clarissima
1186 1610 1353 1675 sama
1392 1611 1507 1676 toti
1537 1611 1767 1676 mundo
1802 1616 1956 1674 nota
1988 1608 2387 1674 Celsitudinis
2433 1626 2560 1688 sue,
2606 1613 2740 1672 tum
2785 1626 2860 1672 ex
2903 1607 3008 1672 de-

678 1714 1125 1782 monstratione
1167 1731 1354 1796 quam
1395 1713 1664 1795 plurium
1694 1713 1827 1777 eius
1857 1711 2327 1777 ambaxatorum
2359 1711 2501 1776 hinc
2530 1710 3005 1789 transeuntium,

632 1817 1125 1900 ‘reportantium
1170 1814 1349 1880 nobis
1400 1817 1701 1880 sinceram
1758 1815 2142 1881 voluntatem
2200 1832 2388 1896 quam
2445 1813 2580 1878 eius
2622 1812 3008 1878 Excellentia

674 1939 822 2004 erga
863 1938 978 1985 nos
1021 1925 1087 1984 et
1129 1918 1471 1984 dominium
1515 1923 1797 1982 nostrum
1845 1917 2008 1998 gerit
2050 1921 2115 1981 et
2157 1916 2425 1980 maxime
2467 1915 2768 1981 relatione
2810 1917 3006 1982 dicto-

679 2043 818 2089 rum
872 2020 1260 2088 dominorum
1314 2039 1563 2086 suorum
1624 2019 2118 2086 ambaxiatorum
2172 2019 2593 2085 accedentium
2641 2020 2721 2085 ad
2768 2018 3005 2100 urbem,

674 2126 782 2209 qui
830 2125 1140 2203 dixerunt,
1202 2121 1614 2188 Serenitatem
1666 2141 1842 2188 suam
1884 2121 2114 2188 habere
2168 2122 2538 2187 desiderium
2587 2121 3007 2204 complacendi

675 2233 891 2294 nostro
927 2225 1219 2306 dominio,
1265 2226 1443 2290 auxit
1472 2225 1804 2307 singularis
1840 2224 2086 2290 affectio
2128 2229 2346 2290 nostra
2388 2242 2536 2306 erga
2571 2223 2867 2290 honorem
2896 2243 3008 2290 sue

672 2329 1025 2396 Maiestatis
1084 2334 1151 2394 et
1208 2334 1624 2411 augmentum.
1715 2328 1802 2392 Et
1844 2326 2304 2395 considerantes
2368 2327 2750 2394 conditiones
2791 2327 3005 2394 mundi

672 2433 903 2500 mutari
944 2433 1011 2497 in
1054 2433 1497 2513 diversitatem,
1559 2437 1624 2496 et
1680 2432 1789 2513 qui
1831 2431 2089 2496 celerior
2131 2435 2246 2511 est,
2291 2430 2373 2495 ad
2413 2430 2842 2518 provisionem,
2906 2449 3004 2496 sa-

670 2535 940 2621 pientior
982 2535 1382 2618 dignoscitur,
1434 2553 1507 2601 ac
1544 2533 1841 2601 facientes
1879 2534 2226 2618 cogitamen
2269 2551 2454 2616 super
2486 2532 2693 2599 animo
2739 2537 2802 2599 et
2845 2532 3009 2599 desi:

670 2640 840 2706 derio
884 2640 1117 2706 domini
1152 2640 1340 2722 Regis
1385 2638 1755 2722 Sigismondi
1778 2690 1793 2719 ,
1838 2640 1946 2722 qui
1989 2638 2169 2705 scivit
2211 2636 2440 2703 habere
2483 2636 2842 2703 electionem
2881 2637 3003 2701 Im-

671 2742 827 2825 perii
883 2746 1181 2825 appetens
1239 2743 1605 2808 descendere
1662 2742 1729 2807 in
1786 2742 2034 2807 Italiam
2097 2759 2208 2824 pro
2268 2739 2636 2805 assumendo
2692 2757 3000 2821 coronam,

676 2846 851 2911 cuius
895 2845 1213 2911 coronatio
1268 2863 1394 2910 non
1455 2844 1607 2910 facit
1650 2863 1761 2926 pro
1800 2844 2204 2911 Serenissimo
2248 2843 2496 2909 domino
2539 2842 2708 2925 Rege
2750 2842 3004 2909 Polonie

669 2965 784 3012 nec
822 2965 933 3029 pro
978 2951 1191 3013 nostro
1228 2947 1517 3027 dominio,
1560 2947 1994 3030 proposuimus
2037 2947 2151 3012 hec
2193 2965 2302 3012 sue
2346 2946 2668 3011 Maiestati
2711 2946 3005 3011 reducere

669 3051 748 3115 ad
792 3050 1151 3117 memoriam
1204 3068 1315 3133 per
1372 3049 1536 3115 viam
1598 3049 1748 3115 civis
1808 3050 2006 3125 nostri
2067 3048 2240 3113 Petri
2295 3048 2600 3114 Bicarano
2658 3052 2723 3114 et
2785 3051 3003 3131 postea

677 3170 927 3217 suorum
973 3151 1464 3230 ambaxatorum.
1533 3152 1836 3235 Nuncquc
1864 3152 2042 3218 iuxta
2075 3172 2250 3217 suam
2291 3152 2754 3235 requisitionem
2798 3150 3001 3234 provi-

668 3255 873 3321 dimus
916 3274 1025 3321 vos
1082 3256 1145 3321 in
1189 3261 1471 3321 nostrum
1526 3255 2012 3322 ambaxiatorem
2059 3256 2138 3321 ad
2183 3274 2358 3321 suam
2403 3254 2851 3320 Excellentiam
2895 3254 3000 3319 de-

671 3360 924 3439 stinare,
978 3358 1353 3425 notificando
1416 3360 1611 3425 eidem
1673 3361 1835 3441 quod
1900 3359 2278 3425 misissemus
2338 3362 2584 3423 nostros
2642 3356 2880 3423 nobiles
2937 3362 3002 3422 et

674 3462 977 3528 solemnes
1005 3460 1456 3541 ambaxatores,
1504 3462 1839 3527 secundum
1884 3462 2051 3544 quod
2093 3462 2338 3527 deceret
2380 3478 2490 3526 sue
2530 3460 2850 3529 Maiestati
2878 3458 3001 3525 nisi

668 3562 874 3629 forent
911 3564 1269 3629 discrimina
1306 3581 1669 3646 guerrarum
1713 3570 1778 3629 et
1819 3563 2010 3629 dubia
2051 3563 2294 3629 itineris
2335 3568 2580 3628 tantum
2623 3562 2808 3645 longi.

872 3665 961 3730 Et
1002 3666 1149 3749 quia
1191 3667 1255 3731 in
1303 3666 1585 3749 partibus
1627 3666 1884 3734 Polonie
1931 3671 2028 3733 est
2079 3665 2356 3750 prefatus
2407 3667 2556 3733 civis
2598 3672 2810 3732 noster
2851 3665 2999 3732 fide-

674 3768 947 3834 lissimus
990 3770 1213 3835 Petrus
1256 3769 1603 3836 Bicharano
1647 3770 1927 3853 praticus
1957 3770 2222 3836 multum
2253 3769 2320 3835 in
2350 3769 2524 3834 curia
2550 3770 2782 3835 domini
2811 3769 3000 3853 Regis

669 3875 927 3954 propter
980 3872 1229 3955 longam
1282 3891 1516 3937 moram
1564 3872 1650 3938 ibi
1693 3872 1948 3953 factam,
2011 3876 2076 3938 et
2122 3872 2310 3938 etiam
2368 3871 2758 3953 aliquantum
2809 3871 2998 3936 infor-

678 3978 885 4038 matus
929 3973 1006 4038 de
1042 3977 1248 4038 mente
1289 3978 1523 4055 nostra,
1568 3975 1851 4040 volumus
1896 3975 2061 4058 quod
2098 3973 2303 4039 subito
2333 3974 2480 4039 dum
2509 3974 2659 4039 illuc
2687 3973 2998 4055 applicue-

666 4074 823 4155 ritis,
868 4074 1165 4156 debeat-iS,
1205 4081 1540 4159 antequam
1571 4078 1980 4159 compareatis
2009 4078 2090 4142 ad
2120 4077 2494 4159 presentiam
2525 4077 2756 4141 domini
2789 4078 2994 4160 RegiS,

664 4194 799 4243 esse
828 4182 893 4243 et
923 4196 1033 4243 vos
1061 4179 1377 4261 repperire
1418 4198 1557 4245 cum
1600 4180 1768 4246 dicto
1810 4180 1998 4245 Petro
2043 4186 2108 4245 et
2151 4178 2426 4245 conferre
2465 4198 2673 4245 secum
2701 4180 2778 4245 de
2809 4198 2997 4245 causa

664 4284 730 4344 et
770 4280 1034 4347 materia
1092 4300 1217 4364 qua
1276 4282 1479 4348 ivistis
1540 4286 1607 4347 et
1658 4301 1843 4365 super
1886 4282 1987 4347 his
2029 4280 2258 4347 habere
2301 4281 2624 4347 consilium
2669 4286 2735 4347 et
2778 4300 2996 4363 parere

668 4399 868 4464 suum,
915 4386 989 4449 ut
1010 4383 1319 4450 intentum
1351 4389 1633 4451 nostrum
1670 4386 1893 4453 melius
1926 4384 2145 4468 exequi
2174 4384 2443 4468 possitis,
2483 4382 2570 4451 Et
2597 4383 2800 4450 adhuc
2828 4385 2994 4470 quod
