3793 5187
1790 1712 1851 1788 Ι.

1344 1867 1665 1937 mccccxi.
1710 1868 1805 1934 die
1849 1869 2024 1936 xvm.
2072 1869 2296 1952 ApriIiS.

866 2037 1021 2102 Cum
1068 2035 1294 2102 nobilis
1338 2037 1431 2101 vir
1474 2057 1575 2102 ser
1617 2037 1967 2103 Zanachius
2011 2038 2266 2116 Quirino
2311 2038 2462 2104 civis
2502 2043 2733 2120 noster,
2796 2059 2993 2123 nuper

660 2141 915 2207 redierit
966 2141 1043 2205 de
1094 2138 1377 2222 partibus
1442 2139 1721 2220 Polanie‚
1790 2143 1855 2205 et
1921 2140 2207 2206 retulerit
2267 2146 2483 2206 nostro
2549 2143 2819 2207 dominio
2881 2162 2992 2225 pro

659 2247 841 2327 parte
884 2241 1117 2308 domini
1148 2242 1334 2324 Regis
1382 2242 1651 2322 Polanie‚
1702 2244 1867 2324 quod
1905 2243 2110 2308 dictus
2146 2243 2431 2309 dominus
2461 2245 2612 2326 Rex,
2653 2245 2852 2311 eidem
2894 2265 2995 2310 ser

664 2346 973 2412 Zanachio
1021 2345 1429 2425 commiserat,
1494 2345 1657 2426 quod
1696 2344 2106 2411 amicabiliter
2149 2349 2212 2412 et
2253 2345 2544 2429 fraterne,
2589 2347 2845 2414 deberet
2887 2347 2994 2414 Se-

660 2449 1052 2516 renissimum
1114 2448 1429 2514 dominum
1491 2449 1709 2514 ducem
1754 2449 2046 2529 salutare,
2111 2453 2175 2514 et
2232 2449 2518 2514 similiter
2560 2450 2718 2515 alios
2759 2449 2995 2515 nobiles

662 2553 739 2619 de
784 2550 1037 2617 consilio
1096 2551 1229 2617 eius
1285 2553 1482 2634 parte,
1543 2555 1608 2615 et
1664 2551 1869 2617 dicere
1923 2551 2087 2634 quod
2141 2550 2465 2633 sentiebat,
2532 2553 2698 2635 quod
2743 2557 2995 2635 propter

662 2655 995 2720 divisiones
1039 2654 1374 2719 existentes
1418 2654 1583 2718 inter
1612 2654 1928 2719 dominum
1957 2655 2186 2736 Regem
2217 2653 2554 2737 Hungarie,
2607 2660 2672 2721 et
2713 2661 2994 2721 nostrum

664 2757 1021 2836 dominium,
1069 2756 1273 2822 dictus
1316 2756 1600 2821 dominus
1637 2756 1769 2821 Rex
1798 2756 2136 2839 Hungarie‚
2184 2761 2320 2822 erat
2348 2758 2632 2824 inimicus
2658 2764 2887 2839 noster,
2934 2766 2998 2823 et

667 2865 804 2926 erat
848 2859 1135 2925 similiter
1177 2859 1461 2925 inimicus
1505 2878 1671 2939 suuS,
1711 2866 1966 2941 propter
2008 2860 2339 2925 divisiones
2381 2861 2545 2925 inter
2588 2880 2692 2926 eos
2731 2862 2996 2927 existen-

664 2969 778 3029 tes,
854 2962 941 3026 Et
981 2968 1235 3044 propter
1278 2962 1393 3027 hoc
1437 2962 1689 3027 deberet
1732 2962 1936 3027 dicere
1977 2967 2192 3027 nostro
2247 2962 2538 3042 dominio,
2586 2964 2750 3045 quod
2793 2965 2996 3029 dictus

664 3066 798 3131 Rex
842 3064 1096 3129 Polanie
1138 3068 1273 3129 erat
1308 3069 1566 3146 paratus
1610 3070 1673 3129 et
1716 3064 1806 3130 sic
1835 3084 1902 3131 se
1933 3064 2246 3145 offerebat,
2293 3084 2427 3130 esse
2471 3084 2610 3130 cum
2645 3071 2860 3131 nostro
2890 3066 2998 3132 do-

666 3167 875 3247 minio,
922 3170 1139 3232 contra
1179 3165 1496 3232 dominu'm
1530 3166 1763 3249 Regem
1788 3166 2107 3249 Hungarie
2149 3166 2488 3249 predictum
2537 3167 2666 3231 sive
2699 3188 2806 3248 per
2835 3169 2999 3234 viam

666 3269 807 3351 lige,
866 3269 995 3333 sive
1036 3287 1148 3350 per
1189 3287 1639 3351 quamcumque
1676 3268 1865 3334 aliam
1908 3270 2086 3349 viam,
2134 3287 2254 3351 que
2296 3274 2510 3334 nostro
2554 3270 2824 3335 dominio
2869 3271 3000 3353 pla·

668 3376 853 3451 ceret,
900 3370 1051 3453 quia
1092 3370 1417 3453 dispositio
1462 3388 1576 3435 sua
1612 3375 1766 3451 erat,
1824 3368 2090 3435 faciendi
2151 3388 2250 3435 res
2304 3390 2426 3453 que
2469 3376 2676 3436 essent
2716 3378 2892 3454 grate
2937 3378 3001 3438 et

668 3476 922 3557 accepte
963 3478 1179 3538 nostro
1222 3472 1513 3551 dominio,
1555 3480 1694 3538 cum
1736 3472 1950 3537 multis
1994 3471 2169 3538 bonis
2212 3478 2277 3538 et
2319 3472 2747 3540 amicabilibus
2779 3475 2998 3541 verbis,

668 3576 755 3641 Et
796 3576 1203 3641 consideratis
1265 3576 1547 3641 terminis
1610 3580 1675 3641 et
1730 3575 2202 3657 conditionibuS‚
2255 3576 2322 3641 in
2381 3577 2604 3658 quibus
2664 3597 2731 3643 se
2773 3580 3004 3661 reperit

670 3678 749 3744 ad
794 3696 1065 3762 presem,
1112 3681 1329 3742 nostra
1364 3677 1722 3758 dominati0,
1771 3696 1910 3744 cum
1953 3678 2199 3744 domino
2239 3678 2407 3761 Rege
2433 3678 2770 3761 Hungarie‚
2816 3680 3005 3745 verba

668 3781 821 3847 dicti
863 3780 1096 3845 domini
1138 3779 1301 3862 regis
1344 3778 1617 3859 Polanie‚
1663 3798 1787 3845 non
1836 3784 1984 3845 sunt
2019 3780 2353 3861 renuenda,
2399 3799 2514 3846 nec
2555 3782 3000 3864 postponenda,

670 3900 811 3966 ymo
855 3900 1041 3965 super
1087 3882 1194 3961 eis,
1243 3887 1339 3947 est
1379 3880 1665 3947 habenda
1693 3881 1857 3947 bona
1886 3882 2275 3949 advertentia
2315 3887 2380 3949 et
2423 3884 2850 3949 consideratio.
2920 3883 3006 3949 Et

672 3987 749 4052 ad
797 4003 1051 4068 presens
1094 3982 1434 4050 habeamus
1476 3985 1541 4050 in
1584 3984 1767 4050 dictis
1810 3983 2094 4067 partibus
2148 4004 2472 4067 personam
2524 3985 2709 4050 fidam
2754 3992 2819 4051 et
2859 4004 3006 4068 pru·

672 4088 940 4164 dentem,
1000 4086 1100 4152 cui
1144 4086 1519 4152 confidenter
1569 4092 1832 4169 possunt
1872 4091 2088 4153 nostra
2129 4089 2378 4171 negotia
2421 4088 2677 4169 comitti,
2723 4088 3008 4154 videlicet

671 4207 773 4255 ser
813 4190 1070 4255 Petrum
1112 4188 1480 4254 Bicharano.
1566 4190 1760 4255 Vadit
1808 4208 1955 4271 pars
2017 4191 2179 4271 quod
2238 4210 2348 4271 per
2389 4192 2561 4256 illam
2603 4191 2766 4255 viam
2811 4210 3006 4257 secre-

670 4298 803 4358 tam
846 4311 967 4375 que
1014 4290 1324 4357 videbitur
1365 4291 1653 4372 dominio,
1700 4291 1887 4357 scribi
1931 4291 2155 4358 debeat
2195 4293 2363 4359 dicto
2407 4312 2508 4359 ser
2549 4292 2735 4359 Petro
2784 4294 3007 4359 Bicha-

672 4412 842 4477 reno,
887 4394 1052 4478 quod
1094 4397 1314 4460 nostra
1355 4394 1711 4477 dominatio²
1758 4414 1869 4478 per
1911 4394 2182 4461 nobilem
2225 4396 2425 4462 virum
2477 4416 2578 4463 ser
2627 4396 3006 4463 Zanachium

2605 4515 2633 4569 1
