3793 5187
1885 514 2010 579 100

986 716 1488 783 Deliberationes
1531 737 1682 783 vero
1743 738 1866 800 que
1925 717 2064 784 fieri
2108 717 2429 785 habebunt
2473 738 2665 802 super
2705 719 2958 801 partitis
2999 736 3104 784 ca-

780 820 1027 903 piendis
1070 826 1136 885 et
1178 840 1368 903 super
1406 821 1665 903 reliquis
1696 822 1990 904 gerendis
2021 822 2084 887 in
2115 821 2226 887 illa
2256 823 2572 904 impresia,
2617 822 2906 887 volumus
2935 822 3104 903 quod

780 922 937 989 fiant
980 924 1043 988 in
1088 924 1409 1005 presentia
1446 923 1521 987 R.
1568 924 1646 987 D.
1686 924 1907 1005 Legati
1951 924 2243 1007 predicti,
2289 932 2400 991 aut
2447 924 2609 990 sicut
2651 924 2851 1007 magis
2895 924 3104 1006 place-

780 1025 895 1105 bit,
948 1032 1015 1091 et
1057 1032 1305 1107 gratum
1354 1026 1477 1090 erit
1520 1044 1633 1090 sue
1676 1025 1749 1090 R.
1778 1025 2161 1091 Paternitati
2207 1044 2468 1107 quarum
2500 1026 2750 1107 quidem
2795 1026 3106 1094 delibera-

781 1128 1021 1193 tionum
1068 1129 1469 1194 executiones
1513 1127 1739 1193 deinde
1797 1146 1914 1211 per
1959 1134 2024 1193 te
2067 1126 2241 1207 fiant,
2304 1128 2466 1193 sicut
2511 1129 2733 1195 melius
2779 1133 2846 1195 et
2889 1129 3106 1195 utilius

782 1250 923 1297 esse
970 1232 1359 1312 cognoveris.

986 1332 1225 1396 Verum
1271 1333 1419 1413 quia
1450 1333 1631 1415 galee
1671 1334 1962 1415 predicte
1991 1332 2092 1399 hic
2123 1340 2364 1400 armate
2393 1334 2642 1400 nomine
2673 1332 2912 1399 Summi
2941 1332 3106 1398 Pon-

787 1432 971 1499 tificis
1002 1435 1391 1501 solummodo
1417 1454 1535 1518 pro
1566 1435 1811 1516 agendo
1846 1441 2069 1501 contra
2096 1438 2515 1518 nequissimos
2546 1436 2843 1513 Teucros,
2885 1440 3110 1516 parate

785 1541 851 1601 ct
900 1536 1193 1618 expedite
1238 1543 1403 1617 suut,
1448 1539 1611 1603 sicut
1649 1538 1918 1605 diximus
1964 1538 2034 1604 R.
2069 1538 2337 1605 Domino
2372 1539 2690 1606 Cardinali
2735 1538 2999 1621 Legato,
3043 1541 3111 1603 et

786 1638 949 1704 sicut
975 1639 1113 1721 ipse
1142 1639 1323 1705 nobis
1354 1640 1735 1722 amplissime
1765 1642 2057 1723 promisit
2085 1661 2154 1707 se
2183 1642 2510 1722 facturum,
2551 1640 2942 1707 declaramus
2971 1638 3107 1720 tibi,

786 1740 955 1822 quod
1000 1741 1055 1806 si
1099 1741 1265 1807 forte
1309 1742 1519 1823 alique
1564 1744 1745 1824 galee
1794 1745 1928 1809 sive
1971 1742 2158 1823 fuste,
2209 1751 2320 1811 aut
2357 1744 2482 1809 alia
2523 1744 2796 1826 navigia,
2839 1742 2972 1807 sive
3007 1760 3109 1807 ar-

786 1848 957 1908 mata
1011 1843 1257 1908 Sultani
1313 1862 1383 1909 se
1426 1847 1825 1928 repperirent
1867 1849 1932 1913 in
1969 1848 2147 1925 mari,
2204 1866 2318 1913 seu
2375 1847 2622 1912 exirent
2679 1844 2760 1911 de
2815 1844 3006 1911 terris
3047 1850 3114 1910 et

786 1944 943 2009 locis
992 1945 1239 2011 Sultani
1283 1965 1401 2029 pro
1446 1952 1749 2030 tempore,
1810 1968 1935 2030 quo
1982 1949 2182 2015 stabis
2233 1955 2432 2029 extra,
2491 1952 2707 2014 nostre
2749 1945 3112 2013 intentionis

788 2051 906 2125 est,
956 2054 1019 2113 et
1064 2047 1370 2128 volumus,
1418 2049 1589 2130 quod
1630 2051 1803 2115 nullo
1849 2052 2036 2116 modo
2085 2052 2300 2132 aliqua
2341 2050 2589 2115 novitas
2627 2051 2719 2115 eis
2748 2047 3110 2115 inferratur.

786 2150 985 2215 Immo
1028 2150 1335 2229 volumus,
1392 2153 1564 2233 quod
1608 2154 1689 2221 ab
1733 2153 1872 2236 ipsa
1917 2161 2180 2234 armata,
2240 2152 2443 2232 fustis,
2505 2158 2616 2219 aut
2662 2151 2804 2218 aliis
2847 2150 3114 2233 navigiis

792 2251 1059 2331 Sultani,
1104 2254 1288 2334 galee
1329 2254 1431 2319 hic
1470 2260 1712 2321 armate
1757 2274 1826 2321 se
1872 2256 2348 2339 allonginquare
2392 2254 2681 2334 debeant,
2723 2259 2787 2319 et
2828 2254 2910 2319 ab
2949 2252 3116 2318 omni

786 2354 1079 2420 molestia
1122 2360 1189 2419 et
1229 2356 1514 2423 novitate
1556 2358 1807 2439 penitus
1864 2356 2202 2423 abstinere.
2277 2358 2583 2423 Volumus
2628 2373 2901 2437 quoque,
2945 2354 3115 2437 quod

788 2454 1078 2523 Rhodum
1138 2457 1308 2523 nullo
1366 2460 1554 2526 modo
1620 2478 1759 2525 cum
1826 2461 2027 2543 galeis
2091 2460 2394 2543 predictis
2451 2466 2515 2526 te
2561 2458 2898 2524 confertas,
2983 2456 3117 2522 Nec

791 2558 981 2624 etiam
1024 2566 1214 2642 pacto
1260 2562 1469 2646 aliquo
1516 2565 1906 2648 permittere,
1967 2566 2137 2648 quod
2196 2565 2408 2648 aliqua
2447 2564 2526 2630 de
2564 2562 2868 2646 predictis
2921 2559 3118 2646 galeis

789 2661 1079 2728 Rhodum
1137 2683 1207 2729 se
1253 2665 1585 2732 confertat.
1670 2667 1757 2732 Et
1801 2668 1855 2732 si
1903 2668 1966 2732 in
2004 2668 2324 2750 predictiS,
2385 2673 2495 2733 aut
2545 2667 2756 2748 aliquo
2802 2663 3118 2747 predicto-

788 2783 949 2843 rum,
997 2763 1283 2847 prefatus
1332 2768 1407 2833 R.
1436 2770 1515 2834 D.
1549 2770 1829 2852 Legatus
1868 2768 2144 2836 fortasse
2189 2771 2375 2836 aliter
2420 2769 2632 2849 vellet,
2679 2773 2790 2834 aut
2834 2767 3118 2846 sentiret,

792 2867 963 2947 quod
1026 2872 1239 2932 tamen
1300 2888 1425 2935 non
1485 2873 1795 2937 credimus
1852 2877 2120 2955 propter
2177 2872 2660 2955 promissionem
2713 2889 2903 2952 quam
2939 2867 3120 2934 nobis

790 2965 959 3048 fecit,
1002 2970 1289 3036 volumus
1336 2974 1506 3052 quod
1550 2973 1760 3040 verbis
1818 2976 2285 3057 pertinentibus
2333 2982 2400 3041 te
2448 2992 2708 3041 excuses
2755 2979 2822 3038 et
2861 2971 3120 3039 nichilo-

790 3071 997 3138 minus
1046 3073 1271 3154 exequi
1320 3074 1553 3141 debeas
1597 3076 1716 3142 hec
1758 3082 1981 3143 nostra
2022 3077 2340 3144 mandata.

996 3173 1407 3242 Declaramus
1466 3183 1679 3244 tamen
1743 3178 1881 3258 tibi,
1951 3180 2122 3261 quod
2179 3181 2237 3246 si
2288 3178 2454 3246 forte
2512 3179 2724 3261 alique
2783 3176 2962 3259 galee
3011 3178 3125 3240 aut

792 3271 959 3341 fuste
1024 3275 1271 3342 Sultani
1334 3297 1404 3342 se
1464 3277 1821 3347 conferrent
1877 3282 1944 3347 in
2000 3283 2292 3348 strictum
2356 3279 2665 3364 Galipolis
2731 3296 2849 3362 pro
2915 3275 3123 3342 dando

792 3373 1071 3442 favorem
1119 3378 1395 3460 Teucris,
1456 3387 1674 3449 nost-re
1717 3384 2084 3451 intentionis
2133 3390 2248 3465 est,
2305 3389 2372 3450 et
2417 3386 2724 3463 volumuS,
2771 3380 2941 3464 quod
2983 3397 3124 3448 cum

794 3477 1057 3544 scientia
1098 3480 1328 3562 prefati
1372 3481 1445 3547 R.
1493 3483 1573 3548 D.
1620 3484 1865 3568 Legati,
1931 3487 2117 3553 detur
2155 3505 2353 3570 opera
2396 3493 2462 3553 et
2510 3485 2887 3562 declaretur,
2935 3481 2991 3548 si
3031 3481 3127 3547 ita

799 3579 1095 3646 habiliter
1130 3580 1271 3647 fieri
1314 3585 1571 3665 poterit,
1636 3587 2018 3670 Capitaneis,
2065 3609 2177 3655 seu
2221 3587 2605 3656 Ductoribus
2649 3587 2872 3654 talium
2914 3583 3126 3667 galea-

798 3699 940 3746 rum
984 3683 1117 3748 sive
1160 3682 1490 3764 sustam,
1552 3689 1724 3768 quod
1768 3696 2014 3756 armata
2055 3691 2168 3756 illa
2213 3697 2311 3757 est
2355 3689 2594 3756 Summi
2635 3686 2963 3755 Pontificis
3004 3704 3124 3768 pro

802 3783 1049 3866 agendo
1095 3790 1315 3851 contra
1360 3786 1657 3870 TeucroS,
1722 3791 2008 3874 Ideoque
2052 3793 2364 3858 desistant
2422 3810 2461 3857 a
2514 3790 2836 3857 favoribus
2902 3785 3125 3855 dandis

799 3886 1077 3966 TeucriS,
1124 3893 1191 3952 et
1232 3887 1470 3954 vadant
1511 3909 1627 3972 pro
1672 3891 1857 3960 factis
1902 3896 2052 3974 suiS,
2096 3895 2390 3975 quoniam
2434 3893 2488 3960 si
2529 3893 2699 3960 aliud
2748 3892 3126 3967 occurreret,

802 4007 1067 4055 excusas
1114 3995 1199 4068 te,
1239 3991 1389 4072 quia
1428 4010 1585 4074 opus
1628 4000 1741 4074 est,
1803 3995 1920 4060 tibi
1965 3995 2222 4063 obedire
2265 3996 2509 4079 Legato
2553 3993 2820 4061 Romani
2862 3987 3126 4057 Pontifi-

802 4089 891 4156 cis
930 4092 1223 4157 existenti
1264 4111 1456 4174 super
1506 4094 1723 4160 Classe-
1766 4096 2074 4178 predicta.

1008 4193 1430 4258 Admonemus
1476 4201 1541 4260 te
1586 4198 1862 4279 insuper,
1921 4199 2092 4279 quod
2149 4205 2282 4264 tam
2329 4199 2378 4265 I.
2425 4198 2503 4264 D.
2551 4197 2694 4262 Dux
2741 4193 3128 4278 Burgondie,

800 4292 1034 4358 litteris
1080 4297 1210 4360 suis
1254 4313 1441 4376 quam
1492 4297 1679 4362 etiam
1724 4299 1809 4366 M.
1859 4301 2240 4382 Capitaneus
2300 4319 2449 4366 suus
2493 4298 2876 4382 presentium
2916 4297 3128 4380 galea·

800 4413 959 4475 rum,
999 4413 1113 4462 suo
1158 4399 1407 4464 nomine
1456 4399 1556 4465 hic
1588 4409 1972 4468 armatarum
2005 4403 2184 4469 nobis
2215 4403 2480 4468 firmiter
2509 4400 2953 4485 promiserunt,
3001 4399 3126 4464 Ga-
