3793 5187
1950 451 2033 518 94

1031 657 1336 726 Volumus
1375 657 1629 742 insuper
1685 660 1848 740 quod
1910 677 2049 726 cum
2114 657 2389 726 exercitu
2431 655 2727 740 predicto,
2798 655 3045 738 quando
3085 675 3153 724 se

827 761 1060 828 levabit
1101 759 1327 827 debeas
1370 765 1435 827 te
1477 761 1754 827 conferre
1797 761 2134 828 advisando
2178 779 2291 826 nos
2335 759 2575 825 solicite
2615 759 2694 826 de
2725 759 3149 844 progressibus

825 865 956 933 suis
1003 869 1070 931 et
1109 865 1195 930 de
1241 863 1526 930 omnibus
1588 883 1707 947 que
1763 869 2118 947 sequentur,
2178 863 2264 928 Et
2304 869 2379 928 ut
2428 861 2596 930 istud
2648 863 2903 928 comode
2954 861 3155 929 facere

833 967 1055 1052 possis,
1099 967 1420 1033 mittemus
1462 966 1542 1032 ad
1589 971 1654 1032 te
1697 967 1820 1033 cito
1864 967 2156 1050 pecunias
2196 964 2596 1032 necessarias

1130 1086 1226 1152 De
1266 1090 1448 1169 parte
1553 1090 1692 1152 128.

1129 1188 1226 1254 De
1265 1207 1392 1255 non
1639 1192 1694 1256 1.

1131 1289 1277 1357 Non
1321 1291 1544 1356 sinceri
1633 1294 1694 1356 Ο.

997 1425 1260 1496 (Arcln'vio
1285 1425 1342 1480 di
1364 1423 1516 1482 Scato
1541 1427 1594 1479 iu
1629 1423 1869 1488 Venczia,

945 1512 1164 1570 Senatu
1201 1511 1442 1581 Secreti,
1487 1529 1609 1583 reg.
1645 1511 1714 1568 16
1749 1528 1796 1566 c.
1831 1510 1941 1580 90.)

1855 1783 2143 1861 XLIV.

1522 1922 1955 1992 mccccxum.
1998 1923 2096 1992 die
2142 1921 2253 1991 ΧΙΙ.
2297 1921 2449 1990 maii.
2540 1965 2550 1972 ·

1034 2091 1568 2162 Reverendissimo
1606 2093 1855 2160 domino
1887 2091 2204 2160 Cardinali
2240 2091 2440 2159 sancti
2470 2090 2688 2174 Angeli
2718 2091 2956 2174 Legato
2988 2093 3151 2176 Apo·

831 2195 1068 2264 summ
1599 2263 2131 2332 Reverendissime
2170 2263 2375 2328 Pater.

1044 2383 1184 2450 Etsi
1227 2384 1396 2451 omni
1439 2387 1718 2467 tempore
1751 2389 1934 2467 grato
1976 2388 2041 2450 et
2084 2381 2302 2449 libenti
2346 2381 2555 2448 animo
2582 2384 2902 2452 videamus
2943 2403 3157 2452 omnes

835 2485 1085 2554 litteras
1139 2493 1344 2554 vestre
1401 2486 1933 2554 Reverendissime
1986 2484 2411 2566 Paternitatis,
2470 2504 2545 2551 eo
2598 2492 2807 2554 tamen
2864 2487 3157 2555 libentius

837 2593 903 2656 et
947 2589 1268 2657 iocundius
1308 2589 1422 2657 has
1458 2588 1712 2657 ultimas
1735 2596 1981 2656 vestras
2007 2588 2355 2655 audivimus
2382 2588 2564 2655 datas
2592 2588 2770 2656 XXV
2800 2595 2865 2657 et
2890 2589 3162 2657 XXVIII

835 2692 1074 2775 Aprilis
1111 2710 1310 2775 nuper
1345 2693 1610 2774 decursi,
1654 2711 1776 2775 que
1817 2691 1995 2758 nobis
2024 2692 2402 2757 nunciarunt
2426 2708 2559 2771 rem
2588 2691 2999 2775 omnipotenti
3028 2692 3160 2757 Deo

837 2794 1348 2877 acceptissimam,
1391 2812 1467 2860 ac
1511 2794 1851 2861 christiano
1880 2794 2117 2861 nomini
2143 2792 2493 2876 gloriosam,
2542 2797 2609 2859 et
2634 2811 3026 2878 summopere
3052 2812 3160 2861 ne·

839 2898 1190 2979 cessariam,
1235 2896 1523 2965 videlicet
1564 2896 2037 2964 Serenissimum
2078 2896 2257 2962 illum
2301 2896 2619 2963 dominum
2649 2896 2883 2981 Regem
2912 2897 3161 2964 omnino

835 2998 1101 3066 firmiter
1160 3000 1458 3066 statuisse
1515 3018 1590 3065 ac
1648 3000 1886 3065 iurasse
1932 2998 1999 3064 in
2040 2998 2325 3065 manibus
2364 3000 2587 3065 vestris
2628 3016 2757 3065 una
2798 3016 2937 3066 cum
2980 2999 3163 3067 baro-

837 3101 1022 3168 nibus
1056 3106 1122 3167 et
1163 3100 1307 3167 aliis
1347 3100 1614 3168 dominis
1655 3120 1732 3167 ac
1775 3100 2147 3185 primatibus
2186 3102 2385 3185 Regni
2424 3101 2594 3169 illius
2636 3101 2933 3169 adversus
2976 3101 3159 3185 perfi-

844 3203 959 3271 dos
1001 3207 1266 3285 teucros,
1309 3203 1428 3271 hac
1470 3204 1744 3286 presenti
1787 3207 1990 3270 estate
2030 3203 2273 3286 potenti
2302 3202 2577 3270 exercitu
2618 3222 2686 3269 se
2713 3204 3053 3271 transferre
3078 3205 3157 3272 de

840 3324 967 3389 qua
1007 3305 1256 3388 quidem
1303 3311 1432 3373 tam
1483 3311 1701 3372 sancta
1742 3311 1995 3389 tamque
2036 3306 2369 3372 utilissima
2405 3306 2848 3373 deliberatione
2886 3306 3161 3391 profecto

839 3408 1184 3489 exprimere
1223 3426 1348 3474 non
1391 3426 1708 3492 possemus
1751 3412 2053 3490 quantam
2094 3408 2286 3474 animi
2322 3408 2806 3475 consolationem
2833 3414 3163 3492 quantum·

839 3527 963 3593 que
1003 3509 1296 3593 gaudium
1340 3510 1774 3593 acceperimus,
1829 3516 2267 3592 cognoscentes
2321 3510 2440 3576 hoc
2497 3509 2770 3576 divinum
2824 3530 2981 3594 opus
3030 3530 3160 3577 ma-

841 3612 1010 3678 xima
1051 3631 1128 3679 ex
1174 3617 1354 3697 parte
1395 3611 1646 3696 propria
1687 3612 1920 3677 virtute
1963 3616 2030 3678 et
2070 3613 2369 3695 singulari
2430 3613 2737 3695 sapientia
2773 3618 2983 3681 vestra
3024 3634 3166 3698 pro·

841 3715 1057 3781 oedere
1099 3719 1354 3799 propter
1395 3717 1562 3797 quod
1605 3716 1770 3797 apud
1817 3716 2135 3782 Summum
2164 3716 2365 3782 Deum
2409 3720 2475 3782 et
2516 3716 2798 3783 homines
2824 3718 3162 3784 maximum

839 3817 1132 3884 meritum
1173 3822 1238 3885 et
1279 3818 1692 3885 immortalem
1737 3818 1981 3885 laudem
2046 3824 2488 3886 consecuturus
2532 3820 2703 3885 estis.
2784 3818 2915 3886 Nos
2956 3825 3167 3885 antem

843 3920 972 4003 qui,
1015 3924 1089 3986 ut
1131 3938 1534 4004 sepenumero
1577 3919 1842 3986 diximus
1877 3924 2083 3987 vestre
2110 3920 2643 3988 Reverendissime
2680 3921 3056 3988 Paternitati
3084 3922 3164 3988 ad

839 4022 1005 4091 hanc
1045 4041 1178 4089 rem
1209 4042 1323 4107 pro
1369 4027 1604 4106 quanto
1659 4024 1740 4089 ad
1797 4040 1911 4087 nos
1958 4024 2189 4089 attinet
2229 4023 2459 4089 fuimus
2497 4027 2564 4089 et
2598 4042 2811 4091 snmus
2846 4024 3171 4091 ferventis-

837 4126 998 4208 simi,
1040 4144 1116 4193 ac
1158 4130 1292 4192 tota
1334 4132 1544 4192 mente
1585 4124 1872 4207 dispositi
1914 4126 2204 4193 Vestram
2245 4125 2849 4193 Reverendissimam
2889 4128 3169 4194 dominae

839 4229 1070 4297 tionem
1113 4232 1346 4295 certam
1387 4226 1688 4294 efficimus
1745 4228 1913 4308 quod
1971 4228 2335 4311 postpositis
2388 4228 2674 4294 omnibus
2722 4228 3169 4297 solicitavimus

837 4349 976 4398 cum
1031 4332 1411 4417 gravissimis
1471 4329 1820 4413 sumptibus
1883 4331 2114 4397 nostris
2172 4336 2623 4397 armamentum
2678 4330 2996 4415 galearum
3046 4332 3167 4401 Ro-
