3793 5187
1779 625 1904 690 155

687 826 1107 894 confederatio
1166 832 1356 910 atque
1412 829 1562 895 unio
1616 828 1802 894 Italie
1863 847 2003 894 cum
2062 827 2357 895 habuerit
2415 829 2646 896 bonum
2700 837 2765 896 et
2820 850 3037 898 conse·
3074 859 3087 878 ο

686 936 951 1012 quenter
991 931 1244 997 deserta
1301 931 1386 996 sit
1443 932 1760 1014 expeditio
1809 931 2174 1012 christiana,
2229 931 2557 1012 loquimini
2602 939 2667 999 et
2708 934 2879 1016 agite
2922 953 3036 1016 per

685 1035 956 1114 modum,
1026 1035 1193 1116 quod
1256 1035 1379 1100 iste
1421 1034 1864 1100 serenissimus
1930 1033 2218 1098 dominus
2268 1033 2405 1098 Rex
2448 1035 2779 1101 veritatem
2821 1054 3031 1101 rerum

685 1142 1002 1220 agnoscat,
1072 1142 1138 1203 et
1201 1137 1334 1202 sine
1401 1137 1740 1204 offensione
1806 1136 2115 1202 baronum
2171 1135 2355 1201 istius
2415 1138 2593 1219 regni
2663 1144 2728 1204 et
2782 1139 3035 1204 Vicino-

683 1258 826 1304 rum
866 1257 1086 1321 regum
1131 1241 1471 1306 amicorum
1513 1244 1874 1305 nostrorum
1918 1238 1984 1302 in
2033 1237 2455 1304 benivolentia
2518 1239 2843 1306 nobiscum
2893 1261 3036 1322 per-

687 1349 950 1408 severct.

888 1445 1046 1511 Post
1085 1445 1350 1528 scriptas
1411 1446 1569 1510 alias
1627 1450 1870 1510 vestras
1932 1443 2289 1525 accepimus
2332 1443 2553 1508 literas
2606 1461 2683 1509 ex
2728 1444 3029 1512 Possonio

685 1547 812 1614 diei
852 1547 1030 1612 XXV
1073 1547 1290 1628 aprilis
1333 1566 1474 1614 cum
1517 1547 1756 1612 incluso
1799 1546 2083 1628 exemplo
2136 1563 2578 1627 prosperorum
2620 1565 3021 1613 successuum

685 1650 966 1732 gentium
1003 1650 1188 1716 istius
1235 1649 1632 1717 Serenissimi
1673 1650 1911 1716 domini
1962 1648 2127 1731 regis
2188 1653 2408 1713 contra
2444 1648 2730 1714 inimicos
2772 1650 2840 1714 in
2883 1669 3031 1732 par-

687 1752 858 1818 tibus
929 1752 1222 1835 Belgradi
1293 1758 1360 1818 et
1425 1751 1772 1820 Smedrevi.
1859 1751 2187 1817 Nescimus
2258 1768 2343 1815 an
2408 1754 2627 1831 postea
2694 1752 2759 1816 id
2826 1753 3034 1818 nuntii

688 1855 1122 1921 confirmatum
1163 1854 1340 1920 vobis
1381 1855 1484 1936 sit,
1529 1856 1608 1921 de
1647 1872 1771 1937 quo
1801 1853 1963 1919 nihil
2004 1853 2311 1918 sensimus
2354 1852 2621 1918 aliunde.
2687 1852 2757 1920 Si
2796 1871 2896 1920 res
2938 1855 3035 1920 ita

687 1956 1000 2037 habuerit,
1044 1961 1118 2022 ut
1158 1956 1456 2022 scribitur
1497 1958 1564 2022 in
1603 1957 1716 2021 illa
1755 1956 2011 2035 Cedula,
2058 1953 2225 2035 quod
2268 1954 2397 2018 iam
2432 1953 2675 2036 pridem
2704 1956 2883 2022 vobis
2922 1975 3037 2022 no-

687 2066 823 2125 tum
872 2077 1009 2125 esse
1053 2060 1260 2140 debet,
1305 2059 1704 2142 gratulemini
1746 2060 1917 2140 regie
1963 2056 2335 2122 Celsitudini
2375 2061 2591 2123 nostro
2646 2059 2913 2140 nomine,
2972 2066 3039 2126 et

687 2163 938 2228 utimini
980 2163 1098 2228 hac
1137 2161 1556 2244 prosperitate
1595 2163 1677 2227 ad
1714 2167 1990 2228 vestrum
2054 2160 2451 2243 propositum
2495 2164 2559 2225 et
2604 2158 2877 2226 favorem
2921 2180 3036 2244 pro

688 2266 1124 2347 persuadenda
1190 2266 1364 2348 regia
1428 2263 1764 2330 Maiestate
1815 2265 1896 2329 ad
1940 2263 2435 2346 prosequendam
2484 2263 2585 2328 dei
2629 2263 3035 2346 voluntatem,

689 2384 878 2450 quam
921 2368 1084 2434 bona
1127 2369 1192 2433 in
1235 2367 1524 2434 brevibus
1593 2367 1813 2434 diebus
1872 2368 1951 2433 ‹le
1992 2366 2279 2432 hostibus
2338 2365 2601 2431 victoria
2658 2373 2723 2432 et
2768 2373 3038 2449 utraque

690 2471 963 2554 gloriosa
1005 2490 1373 2554 cognoscere
1414 2477 1642 2553 potest.

896 2573 1272 2657 Priusquam
1311 2575 1432 2640 iste
1461 2573 1944 2657 obsignarentur
1982 2573 2183 2653 litere,
2230 2571 2354 2638 alie
2392 2577 2597 2639 vestre
2626 2591 3038 2656 supervenere

691 2696 767 2743 ex
812 2676 1009 2758 Buda,
1057 2683 1124 2743 et
1163 2677 1332 2744 inter
1373 2682 1584 2744 cetera
1621 2678 2048 2743 intelleximus
2090 2677 2155 2743 id
2198 2678 2365 2759 quod
2392 2694 2597 2758 nuper
2625 2677 3033 2744 multifariam

691 2780 880 2845 etiam
925 2781 1006 2846 ad
1049 2798 1164 2845 nos
1207 2780 1470 2845 allatum
1529 2786 1626 2847 est
1672 2780 1987 2847 Turchum
2030 2778 2193 2844 mari
2236 2783 2301 2844 et
2343 2784 2515 2843 terra
2562 2780 2775 2861 copias
2821 2782 3036 2864 ingen-

691 2890 788 2949 tes
832 2884 1085 2949 mittere
1145 2884 1227 2948 ad
1284 2883 1753 2964 opprimendam
1810 2882 2233 2962 Mundaviam‚
2296 2882 2462 2963 quod
2508 2881 2563 2946 si
2601 2881 2722 2946 sibi
2768 2900 2845 2947 ex
2890 2890 3035 2951 voto

691 2987 1071 3065 succederet,
1133 2984 1300 3067 quod
1357 2985 1512 3051 deus
1569 2990 1832 3065 avertat,
1889 2984 2055 3051 male
2110 2984 2462 3050 consultum
2514 3000 2650 3049 esse
2692 3004 2883 3067 regno
2926 2988 3035 3054 isti

691 3093 758 3154 et
783 3088 1040 3170 reliquis
1067 3088 1287 3153 vicinis
1325 3088 1699 3154 christianis.
1774 3087 2101 3153 Credimus
2138 3087 2373 3169 regiam
2402 3084 2867 3154 Sublimitatem
2903 3108 3032 3157 non

692 3208 831 3256 esse
873 3191 940 3255 in
979 3194 1159 3255 tanto
1202 3189 1482 3271 periculo
1527 3194 2004 3255 cumctaturam.
2072 3188 2195 3255 Sed
2238 3188 2643 3254 nihilominus
2684 3209 2795 3256 vos
2839 3211 3035 3274 quan-

692 3298 830 3358 tum
873 3292 1140 3376 potestis
1178 3290 1516 3357 hortemini
1556 3296 1622 3359 et
1664 3293 2040 3374 persuadere
2068 3291 2357 3357 nitamini
2400 3292 2481 3357 ad
2524 3286 2844 3374 suppetias
2874 3295 3040 3379 Vay-

691 3397 849 3463 vode
905 3394 1163 3461 Stefano
1227 3394 1542 3476 ferendas;
1611 3399 1677 3461 et
1735 3396 1816 3462 ad
1867 3394 2047 3461 illum
2110 3394 2602 3461 conservandum
2659 3397 3035 3478 posthabitis

691 3498 1178 3582 particularibus
1213 3497 1638 3564 simultatibus
1679 3503 1746 3564 et
1788 3497 2197 3580 respectibus
2246 3498 2355 3578 qui
2398 3498 2463 3561 in
2510 3498 2689 3563 tanto
2736 3504 3035 3582 tanquam

691 3602 968 3685 generali
1023 3601 1304 3683 periculo
1363 3606 1514 3667 sunt
1561 3600 1994 3683 posthabendi.
2070 3600 2157 3665 Et
2198 3600 2279 3666 de
2324 3618 2617 3667 successu
2659 3619 2775 3668 nos
2817 3606 3035 3669 tenete

694 3723 835 3771 cum
879 3703 1202 3786 diligentia
1245 3703 1582 3770 advisatos.

939 3822 1038 3889 De
1081 3828 1259 3905 parte
1392 3826 1532 3889 144.

939 3926 1042 3991 De
1083 3944 1210 3991 non
1455 3926 1524 3989 Ο.

937 4028 1082 4094 Non
1129 4028 1357 4093 sinceri
1458 4029 1521 4092 Ο.

1005 4180 1266 4250 (Arcleivio
1302 4180 1359 4234 di
1396 4178 1551 4235 Scato
1588 4180 1642 4233 in
1693 4178 1956 4247 Venetia).

797 4264 1230 4322 Deliberazioni
1267 4264 1478 4322 Senato
1516 4264 1751 4333 Sem-eti,
1793 4282 1913 4335 reg.
1946 4264 2015 4319 27
2054 4280 2101 4319 c.
2139 4264 2221 4319 17.
