3793 5187
1780 586 1901 650 167

671 810 886 858 amore
926 793 994 857 in
1037 811 1104 858 se
1143 800 1364 859 nostro
1409 793 1734 875 desyderio
1796 797 1863 856 et
1928 791 2139 857 studio
2209 793 2669 859 commodorum
2714 799 2780 860 et
2824 796 3027 877 glorie

672 913 783 960 sue
821 895 996 960 illam
1040 893 1245 960 facere
1290 894 1476 960 debet
1519 896 2054 960 existimationem
2108 913 2298 977 quam
2340 897 2705 978 magnitudo
2750 903 2815 962 et
2860 899 3021 963 veri-

670 1001 770 1061 tas
813 996 1212 1063 affectionum
1255 999 1676 1080 predictarum
1731 999 1945 1080 exigit.

875 1101 971 1165 De
1015 1102 1463 1182 prorogatione
1505 1103 1889 1167 indutiarum
1943 1101 2151 1167 omnia
2216 1102 2634 1166 intelleximus
2706 1121 2827 1184 que
2874 1121 3021 1184 pru-

671 1203 1036 1268 dentissime
1103 1203 1268 1268 idem
1336 1209 1555 1268 orator
1625 1205 1804 1268 nobis
1874 1205 2182 1284 exposuit.
2272 1203 2359 1269 Et
2424 1205 2789 1286 priusquam
2846 1206 3022 1270 illum

669 1306 1024 1371 audiremus
1066 1306 1368 1370 suadente
1405 1310 1468 1370 et
1510 1306 1983 1372 demonstrante
2041 1307 2285 1372 ratione
2358 1313 2583 1373 cuncta
2624 1307 3015 1390 intelligeba-

669 1427 807 1472 mus
851 1408 1108 1472 comoda
1151 1426 1272 1489 que
1311 1408 1390 1473 de
1433 1408 1764 1474 concordia
1803 1409 2321 1486 christianorum,
2354 1415 2419 1474 et
2455 1411 2781 1476 incomoda
2825 1415 3023 1492 atque

667 1510 947 1593 pericula
989 1529 1112 1592 que
1154 1511 1234 1574 ab
1274 1510 1586 1576 discordia
1647 1516 2063 1592 expectantur
2132 1516 2198 1577 et
2258 1513 2647 1594 proveniunt.
2739 1513 2827 1578 Et
2888 1514 3018 1579 iam

670 1613 912 1693 pridem
960 1618 1088 1678 tam
1130 1631 1268 1678 cum
1311 1612 1562 1679 Summo
1624 1613 1917 1694 pontifice
1982 1633 2170 1696 quam
2238 1633 2378 1680 cum
2416 1633 2558 1696 rege
2605 1615 2851 1680 Mathia
2894 1635 3020 1682 non

670 1717 874 1780 solum
917 1717 1198 1782 inducias
1241 1717 1403 1781 inter
1448 1722 1781 1799 utrumque
1823 1736 2063 1799 regem,
2110 1719 2219 1782 sed
2258 1724 2625 1799 perpetuam
2668 1737 2887 1798 pacem
2928 1719 3021 1782 di-

667 1817 1076 1899 ligentissime
1118 1825 1184 1882 et
1225 1818 1530 1884 indefesse
1573 1820 1978 1900 quesivimus.
2068 1820 2154 1884 Et
2193 1821 2247 1884 si
2289 1820 2587 1884 mandata
2656 1819 3015 1885 oratoribus

669 1921 904 1986 nostris
965 1920 1366 2002 plurifariam,
1412 1923 1582 2003 data,
1645 1929 1778 1988 tam
1833 1923 1900 1988 in
1943 1923 2279 2006 Hungaria
2336 1923 2667 2006 agentibus
2728 1943 2915 2005 quam
2958 1924 3021 1988 in

669 2024 846 2088 curia
901 2023 1074 2106 regia
1140 2024 1440 2090 Maiestas
1500 2026 1744 2091 videret
1807 2032 2095 2108 tangeret
2152 2025 2440 2092 manibus
2499 2045 2776 2093 amorem
2844 2027 2908 2091 in
2954 2044 3022 2090 se

667 2132 949 2191 nostrum
995 2132 1397 2209 nostramque
1442 2145 1653 2193 curam
1698 2134 1763 2193 et
1809 2129 2087 2194 studium
2152 2129 2605 2195 incolumitatis
2645 2128 2910 2212 gloriam
2956 2135 3022 2192 et

675 2229 1075 2294 comodorum
1117 2248 1388 2296 suorum.
1475 2231 1562 2295 Et
1603 2234 1676 2295 ut
1718 2249 1844 2312 que
1908 2231 2293 2312 proximiora
2357 2237 2423 2295 et
2486 2232 2834 2298 recentiora
2876 2237 3024 2296 sunt

673 2351 882 2398 secum
927 2333 1386 2398 comunicemus
1429 2352 1622 2399 unum
1685 2340 1754 2398 et
1819 2334 1884 2398 id
1928 2334 2179 2416 quidem
2232 2333 2736 2398 efficacissimum
2780 2335 3023 2415 capitu-

671 2435 801 2500 lum
845 2442 910 2500 et
953 2438 1318 2503 mandatum
1361 2439 1527 2519 quod
1570 2437 1636 2502 in
1680 2455 1795 2502 sua
1839 2437 2035 2502 habet
2072 2436 2507 2504 commissione
2550 2442 2767 2502 orator
2802 2441 3019 2502 noster

670 2557 869 2621 nuper
912 2541 1140 2607 missus
1183 2541 1264 2608 ad
1297 2539 1674 2623 pontificem,
1718 2540 1840 2607 hoc
1884 2547 1983 2607 est
2021 2547 2095 2606 ut
2140 2559 2337 2623 supra
2380 2545 2589 2607 cetera
2630 2540 3022 2622 prorogatio-

671 2662 812 2708 nem
857 2649 1082 2725 querat
1123 2643 1510 2709 induciarum
1550 2644 1997 2726 predictarum,
2049 2648 2115 2709 et
2162 2644 2351 2709 talem
2392 2643 2775 2725 aptationem
2819 2648 2884 2707 et
2912 2661 3023 2723 pa-

671 2745 1082 2812 cificationem
1111 2746 1276 2811 inter
1317 2752 1655 2828 utrumque
1701 2766 1933 2829 regem,
1984 2746 2149 2827 quod
2194 2750 2459 2826 uterque
2487 2746 2687 2827 possit
2722 2746 2815 2810 rei
2858 2744 3023 2810 chri·

670 2850 876 2913 stiane
921 2853 1240 2938 strenuam
1289 2853 1354 2915 et
1397 2848 1830 2914 fidelissimam
1869 2867 2100 2914 navare
2149 2866 2423 2929 operam.
2515 2848 2604 2911 Et
2647 2846 2783 2911 heri
2826 2846 3020 2911 etiam

669 2968 794 3016 non
836 2950 995 3015 nihil
1035 2951 1219 3016 huius
1262 2951 1498 3033 negotii
1543 2952 1913 3033 scripsimus
1960 2950 2423 3031 scribemusque
2463 2950 2717 3031 jugiter.
2787 2949 2873 3014 Et
2916 2948 3017 3013 ni-

669 3053 756 3117 hil
803 3054 1164 3119 omittemus
1203 3055 1372 3135 quod
1414 3072 1526 3135 per
1567 3072 1684 3119 nos
1745 3054 1880 3119 fieri
1943 3056 2145 3136 possit
2206 3053 2701 3135 persuadereque
2744 3052 3019 3115 nitemur

670 3160 744 3221 ut
798 3156 865 3221 in
924 3155 1164 3222 duabus
1231 3157 1356 3221 illis
1419 3156 1788 3222 adiiciendis
1849 3156 2313 3222 conditionibus
2379 3155 2548 3237 regie
2615 3152 3021 3219 Celsitudinis

667 3276 802 3323 mos
843 3265 1118 3341 geratur,
1163 3277 1350 3340 quam
1393 3262 1602 3326 tamen
1638 3266 1927 3343 rogatam
1967 3264 2032 3327 et
2073 3276 2434 3342 persuasam
2523 3257 2811 3323 volumus
2852 3260 2925 3322 ut
2968 3258 3022 3322 si

667 3359 831 3427 forte
877 3359 1000 3427 duo
1044 3361 1155 3426 illa
1213 3361 1480 3427 articula
1521 3366 1636 3427 aut
1707 3363 1975 3427 alterum
2042 3380 2261 3428 eorum
2320 3359 2589 3427 obtineri
2644 3378 2767 3423 non
2811 3364 3024 3442 posset

667 3481 798 3528 non
841 3464 1108 3529 desistat
1149 3469 1481 3547 propterea
1521 3482 1850 3531 remanere
1908 3465 1974 3530 in
2018 3464 2301 3547 pristinis
2366 3462 2759 3528 induciarum
2802 3462 3018 3526 condi-

667 3565 942 3631 tionibus
988 3566 1181 3632 donec
1239 3574 1483 3648 tempus
1543 3571 1609 3631 et
1677 3568 1929 3632 occasio
1999 3585 2067 3632 se
2130 3566 2354 3632 offerat
2414 3564 2808 3646 gratificandi
2852 3564 3024 3644 regie

664 3667 984 3751 MaJestati
1027 3686 1156 3747 sue,
1221 3672 1286 3733 et
1343 3687 1460 3733 sua
1527 3667 1738 3734 omnia
1797 3686 1877 3733 ex
1944 3673 2095 3735 voto
2158 3669 2357 3750 magis
2420 3667 2825 3748 componendi
2886 3684 3021 3744 su0,

665 3770 1060 3853 prefer-atque
1118 3776 1190 3837 ut
1247 3776 1346 3837 est
1405 3772 1903 3853 sapientissimus
1956 3778 2023 3836 et
2066 3770 2633 3837 christianissimus
2704 3769 3025 3849 negotium

663 3874 806 3940 fidei
845 3878 910 3940 et
950 3873 1268 3956 religionis
1323 3872 1508 3940 rebus
1565 3874 1750 3954 longe
1812 3874 2071 3939 minoris
2135 3873 2457 3941 momenti.
2545 3872 2635 3937 Et
2692 3871 2773 3938 ab
2835 3870 3024 3937 Turci

665 3976 1066 4059 perfidissimi
1129 3981 1198 4043 et
1265 3976 1542 4043 omnium
1608 3975 2095 4042 christianorum
2142 3976 2505 4058 principum
2566 3974 3023 4039 truculentissi-

665 4098 804 4145 mus
864 4080 1066 4145 hostis
1121 4078 1444 4145 fraudibus
1505 4096 1720 4144 omnes
1781 4096 1929 4143 suos
1994 4080 2310 4159 cogitatus
2366 4082 2647 4156 avertat;
2724 4074 3020 4158 quoniam

664 4201 789 4249 non
831 4188 1044 4266 potest
1087 4182 1216 4249 ulla
1259 4182 1477 4248 haberi
1519 4198 1659 4247 cum
1713 4200 1788 4247 eo
1833 4182 2137 4263 practica,
2184 4200 2306 4263 que
2342 4180 2696 4263 periculosa
2743 4183 2808 4243 et
2852 4196 3019 4243 mor-

667 4286 854 4352 tifera
893 4303 1020 4350 non
1063 4285 1166 4350 sit.

871 4386 1126 4453 Videbit
1167 4387 1330 4453 idem
1371 4392 1586 4453 orator
1632 4390 1696 4453 et
1741 4386 1973 4452 sentiet
2036 4404 2179 4451 cum
2224 4384 2453 4451 effectu
2491 4383 2741 4467 quando
2789 4381 2911 4448 erit
2954 4381 3021 4447 in

665 4492 842 4558 curia
885 4490 1070 4570 quale
1115 4490 1392 4557 studium
1437 4486 1812 4557 haberemus
1854 4488 2321 4570 habeamusque
2364 4506 2575 4553 rerum
2606 4485 2999 4553 Serenissimi
