3793 5187
1967 531 2049 595 68

845 751 1003 811 ram,
1065 732 1339 814 accipiat
1394 731 1554 797 alios
1608 725 1883 813 quatuor
1937 731 2225 811 famuIOS,
2285 735 2352 798 et
2407 730 2606 796 vadat
2651 747 2790 796 cum
2849 727 2960 793 illa
3010 743 3176 792 com-

848 835 1143 902 missione
1192 851 1315 914 que
1358 833 1479 899 sibi
1525 833 1778 899 dabitur
1820 853 1936 916 per
1978 835 2148 900 istud
2195 833 2541 899 consilium.

1048 951 1288 1017 Verum
1332 969 1414 1016 ex
1458 969 1624 1016 nunc
1668 956 1920 1032 captum
1963 952 2066 1031 sit,
2124 950 2294 1033 quod
2351 968 2479 1015 non
2527 949 2824 1015 obstante
2869 946 3178 1013 electione

851 1051 1086 1135 prefati
1115 1052 1630 1130 AmbassiatoriS,
1673 1055 1964 1118 mittatur
2003 1053 2171 1118 illico
2214 1071 2376 1118 unus
2421 1069 2499 1116 ex
2544 1050 2905 1120 secretariis
2942 1049 3177 1115 nostris

852 1155 934 1220 ad
974 1152 1291 1236 prefatum
1337 1153 1818 1220 Serenissimum
1860 1155 2104 1237 Regem
2141 1173 2258 1238 per
2303 1154 2468 1219 viam
2513 1157 2686 1218 terre
2721 1151 2901 1216 iuxta
2943 1149 3176 1216 delibe-

842 1256 1154 1321 rationem
1190 1255 1375 1321 istius
1418 1255 1676 1320 consilii.

1146 1373 1248 1441 De
1287 1379 1475 1457 parte
1516 1375 1621 1440 46.

966 1594 1088 1660 Ser
1126 1593 1366 1660 Paulus
1411 1594 1623 1659 Truno
1664 1598 2044 1677 procurator

967 1694 1086 1762 Ser
1128 1695 1469 1762 Federicus
1520 1695 1877 1762 Contareno

966 1795 1086 1862 Ser
1130 1797 1385 1862 Leonus
1414 1795 1456 1862 J
1456 1796 1810 1862 ustinianus
1854 1800 2233 1878 procurator
2366 1794 2700 1878 Sapientes
2745 1789 3005 1858 consilii.

966 1897 1086 1963 Ser
1128 1897 1426 1964 Matheus
1470 1897 1713 1964 Victuri

964 1996 1083 2065 Ser
1124 1998 1501 2065 Hermolaus
1544 1999 1799 2064 Donato

966 2114 1085 2182 Ser
1126 2115 1417 2182 Andreas
1460 2116 1791 2182 BernardO
2254 2101 2288 2300 }
2357 2147 2693 2230 Sapientes
2733 2153 2905 2214 terre
2945 2145 3140 2212 firme.

966 2216 1086 2283 Ser
1127 2217 1438 2283 Antonius
1480 2217 1686 2284 Diedo

1040 2370 1225 2447 Quod
1272 2371 1338 2435 in
1382 2371 1750 2437 executione
1808 2370 2281 2437 deliberationis
2336 2367 2504 2436 facte
2558 2369 2782 2436 diebus
2822 2369 3168 2452 preteritis»,

833 2491 951 2554 per
991 2473 1165 2538 istud
1210 2473 1553 2552 consilium,
1600 2473 1681 2539 de
1724 2473 2034 2539 mittendo
2071 2492 2266 2538 unum
2308 2471 2726 2538 secretarium
2769 2476 3058 2537 nostrum
3085 2470 3169 2535 ad

836 2573 1318 2639 serenissimum
1378 2573 1695 2640 dominum
1744 2574 1986 2657 Regem
2039 2573 2331 2653 Polonie3
2396 2591 2476 2639 ex
2530 2591 2696 2639 nunc
2753 2578 3004 2656 captum
3063 2572 3164 2651 sit,

836 2674 1008 2756 quod
1052 2675 1445 2741 consiliarius
1510 2676 1743 2742 mensis
1794 2676 1911 2742 sub
1977 2694 2144 2758 pena
2185 2675 2557 2741 ducatorum
2601 2680 2869 2755 centum,
2930 2675 2996 2739 in
3037 2674 3167 2739 suis

831 2776 1106 2859 propriis
1149 2776 1331 2842 bonis
1376 2777 1687 2859 exigenda
1739 2796 1859 2860 per
1903 2778 2322 2844 advocatores
2373 2777 2695 2857 Comunis,
2748 2777 2902 2842 dare
2945 2780 3164 2841 tenea-

832 2883 937 2943 tur
981 2878 1274 2945 denarios
1314 2880 1708 2945 necessarios
1749 2897 1867 2962 pro
1919 2878 2322 2961 expeditione
2353 2880 2552 2961 ipsius
2585 2878 2914 2944 secretarii
2941 2874 3163 2943 nostri.

831 2979 933 3044 Ita
976 2979 1148 3061 quod
1193 2980 1446 3062 penitus
1490 2981 1751 3047 recedat
1790 3000 1931 3046 cum
1968 2980 2372 3063 presentibus
2403 2980 2602 3063 galeis
2641 2978 2820 3059 Culfi,
2868 2996 2993 3059 que
3020 2996 3161 3043 eum

834 3079 1155 3162 deponant
1196 3081 1261 3147 in
1298 3081 1405 3147 illo
1450 3082 1591 3149 loco
1635 3084 1805 3148 intra
1841 3082 2108 3162 culfum,
2153 3084 2260 3164 qui
2302 3082 2778 3161 deliberabitur,
2821 3084 2896 3145 ut
2939 3078 3163 3145 exinde

829 3199 947 3262 per
984 3185 1225 3247 terram
1271 3184 1464 3249 vadat
1505 3185 1587 3250 ad
1631 3186 2018 3267 presentiam
2065 3184 2298 3267 prefati
2342 3184 2742 3250 Serenissimi
2771 3182 3005 3248 domini
3036 3181 3162 3246 Re-

830 3282 946 3362 gis.
1027 3283 1115 3348 Et
1158 3302 1237 3348 ex
1279 3302 1441 3349 nunc
1502 3289 1755 3367 captum
1812 3286 1918 3367 sit,
1971 3287 2141 3367 quod
2195 3286 2506 3368 expositio
2563 3283 2774 3350 fienda
2839 3284 2920 3349 de
2963 3282 3160 3365 galeis

828 3384 1083 3463 nostris,
1129 3384 1216 3449 sit
1262 3385 1593 3451 commissa
1634 3387 1861 3452 Baiulo
1905 3392 2125 3453 nostro
2173 3385 2773 3468 Constantinopolis.

1132 3500 1233 3565 De
1276 3507 1459 3583 parte
1639 3505 1737 3570 62.

1134 3602 1235 3667 De
1274 3619 1401 3667 non
1684 3606 1742 3669 2.

1131 3702 1275 3769 Non
1318 3702 1546 3768 sinceri
1678 3706 1741 3769 4.

1050 3852 1314 3923 (archivio
1348 3852 1405 3907 di
1437 3852 1591 3909 Staio
1622 3854 1679 3910 in
1728 3852 1972 3919 Venczia,

978 3938 1198 3996 Senatu
1242 3938 1482 4009 Socrati,
1526 3954 1651 4013 reg.
1695 3940 1764 3996 16
1810 3956 1858 3995 c.
1901 3940 2048 4011 58¹»)
