3793 5187
1932 463 2067 529 '112

826 668 1038 748 boreS,
1095 687 1170 734 ac
1231 673 1364 734 tam
1421 669 1700 752 gloriosa
1759 673 1825 735 et
1881 668 2293 736 memoranda
2352 687 2551 752 opera
2604 687 2721 734 sua
2768 685 2893 733 non
2944 664 3071 731 sint
3110 665 3176 730 in

828 789 1097 852 cassum,
1161 770 1276 838 sed
1342 790 1419 837 ex
1489 772 1580 837 eis
1639 771 1746 836 ille
1794 770 1999 837 bonus
2056 771 2371 838 habeatur
2424 769 2669 837 fructus
2725 768 2836 852 qui
2878 787 2994 852 per
3035 766 3176 832 Ma-

827 873 1124 941 iestatem
1169 893 1348 940 suam
1391 878 1458 939 et
1495 891 1614 940 nos
1647 877 2007 956 exoptatur,
2056 874 2157 939 Ad
2184 873 2456 955 laudem,
2504 877 2573 938 et
2607 871 3031 938 reverentiam
3062 869 3175 935 do-

828 976 983 1043 mini
1026 978 1230 1042 nostri
1273 977 1448 1044 Yesu
1481 977 1735 1056 Christi,
1779 983 1845 1043 et
1885 977 2191 1044 honorem
2224 981 2605 1060 perpetuum
2632 994 2747 1041 sue
2777 973 3177 1052 SerenitatiS,

829 1099 905 1147 ac
965 1078 1296 1146 comodum
1360 1079 1862 1162 christianitatiS,
1932 1081 2143 1163 parati
2201 1098 2417 1146 sumus
2478 1079 2677 1145 alacri
2736 1078 2945 1143 animo
3007 1077 3179 1143 dicta

827 1183 972 1248 loca
1014 1201 1154 1248 cum
1198 1181 1541 1248 territoriis
1580 1183 1712 1248 suis
1758 1183 2071 1267 accipere,
2122 1187 2189 1248 et
2228 1181 2479 1249 favente
2526 1179 2801 1262 domino,
2861 1185 3175 1263 perpetuo

832 1285 1165 1350 defensare
1211 1303 1349 1350 cum
1394 1290 1722 1351 teneamus
1781 1303 1900 1368 per
1964 1303 2101 1364 nos,
2166 1291 2299 1351 tam
2344 1283 2597 1350 abiliter
2650 1287 2717 1350 et
2768 1301 2993 1348 secure
3038 1281 3179 1348 fieri

827 1405 1040 1471 posse,
1107 1405 1296 1468 quam
1364 1405 1480 1469 per
1541 1387 1818 1469 aliquam
1877 1387 2069 1453 aliam
2128 1387 2610 1454 christianorum
2651 1385 3025 1468 potentiam.
3092 1384 3179 1450 Et

830 1495 1176 1574 propterea
1217 1489 1357 1572 ipse
1404 1489 1511 1571 qui
1552 1488 1674 1554 fuit
1719 1488 1904 1555 huius
1946 1489 2044 1555 rei
2086 1493 2417 1572 promotor
2449 1492 2667 1571 potest
2696 1507 2814 1556 sua
2840 1487 3044 1554 multa
3072 1506 3176 1553 sa-

829 1593 1088 1676 pientia,
1151 1591 1314 1658 bene
1360 1610 1792 1675 prospereque
1857 1591 2340 1659 succedentibus
2387 1588 2579 1658 rebus
2620 1596 2696 1657 ut
2742 1609 3073 1676 speramus
3110 1591 3177 1656 in

832 1695 1046 1762 divina
1092 1695 1442 1777 clementia,
1502 1694 1688 1760 huius
1747 1695 1843 1761 rei
1910 1695 2346 1762 executionem
2392 1712 2758 1778 procurare,
2819 1699 2889 1761 et
2942 1693 3177 1762 bonum

807 1800 989 1866 -dare
1029 1799 1287 1866 exitum.

1035 1953 1126 2020 Et
1167 1955 1232 2020 in
1275 1953 1395 2021 hoc
1441 1972 1592 2021 casu
1641 1952 1813 2036 quod
1857 1952 2156 2019 videlicet
2198 1970 2303 2020 res
2346 1950 2509 2018 bene
2550 1957 2627 2018 ut
2658 1951 3009 2034 predicitur
3037 1969 3176 2018 suc-

815 2057 1066 2136 cedant
1111 2061 1177 2122 et
1217 2056 1506 2140 predicta
1547 2056 1692 2121 loca
1735 2055 2146 2136 acquirantur
2188 2073 2463 2137 procura
2507 2057 2573 2121 et
2617 2056 2807 2136 insta,
2851 2056 3019 2120 utin
3046 2072 3179 2119 ma-

811 2159 1021 2238 nibus
1067 2158 1516 2240 consignentur
1575 2158 1696 2224 viri
1754 2156 1984 2222 nobilis
2028 2155 2255 2223 Aluisii
2305 2157 2685 2223 Lauredano
2743 2157 3179 2239 procuratoris

811 2337 816 2341 ,
841 2260 1158 2343 capitanei
1189 2259 1532 2344 galearum,
1583 2279 1723 2327 cum
1753 2279 1972 2325 eorum
2001 2260 2360 2334 territoriis,
2405 2263 2479 2325 ut
2504 2265 2725 2326 nostro
2754 2259 3026 2340 nomine,
3071 2257 3181 2324 illa

834 2362 1033 2431 faciat
1077 2365 1400 2446 custodiri,
1449 2370 1522 2432 ut
1563 2365 1622 2431 ei
1661 2365 1788 2430 iam
1832 2363 2229 2430 iniunximus

991 2575 1006 2592 ,
1041 2516 1282 2584 Scribis
1325 2519 1602 2602 insuper,
1655 2524 1973 2586 oratorem
2015 2517 2773 2603 constantinopolitanum
2819 2518 3057 2585 dixisse
3101 2518 3181 2585 de

838 2620 1038 2705 galeis
1084 2640 1209 2704 que
1253 2625 1497 2709 armate
1561 2627 1711 2688 sunt
1768 2642 1886 2706 per
1932 2622 2255 2689 Summum
2298 2622 2673 2689 Pontificem
2713 2627 2778 2689 et
2817 2622 3181 2689 Illustrissi-

813 2712 1007 2791 'mum
1053 2724 1370 2791 dominum
1418 2727 1642 2792 ducem
1686 2726 2071 2808 Burgondie,
2119 2730 2185 2792 et
2216 2726 2469 2808 demis,
2520 2743 2679 2808 quas
2708 2726 2999 2791 dominus
3030 2745 3181 2793 suus

836 2829 1194 2911 Imperator
1237 2827 1435 2894 habet
1476 2828 1650 2893 nulla
1697 2828 1775 2894 de
1805 2832 2026 2895 nostro
2060 2826 2336 2894 dominio
2366 2826 2539 2895 facta
2566 2828 2905 2893 mentione.
2974 2827 3183 2907 Quare

839 2932 1145 3012 volumus,
1209 2936 1282 2997 ut
1325 2932 1496 3014 apud
1548 2932 1692 2997 illos
1752 2933 1859 3014 qui
1920 2932 2037 2998 tibi
2080 2931 2461 2997 videbuntur
2503 2949 2642 2996 cum
2684 2930 2802 2997 tibi
2846 2930 3059 2997 veniet
3102 2930 3185 2996 ad

835 3035 1238 3117 propositum
1281 3035 1492 3101 dicere
1542 3035 1797 3115 debeas,
1847 3054 2072 3101 verum
2118 3053 2259 3101 esse
2304 3034 2476 3117 quod
2524 3034 3073 3101 accomodavimus
3119 3038 3185 3100 et

838 3137 1126 3203 dedimus
1171 3135 1462 3203 Romano
1511 3136 1806 3204 Pontifici
1853 3143 1997 3204 octo
2038 3138 2272 3219 galeas,
2334 3142 2399 3204 et
2450 3136 2886 3203 Illustrissimo
2930 3137 3184 3203 domino

842 3239 988 3306 duci
1021 3239 1388 3322 Burgondie
1433 3241 1592 3307 alias
1639 3245 1911 3324 quatuor
1958 3241 2239 3308 corredis
2284 3241 2475 3307 armis
2516 3246 2583 3306 et
2621 3240 2763 3306 aliis
2808 3240 3185 3306 necessariis

839 3341 1093 3409 fulcitas
1138 3344 1204 3408 in
1248 3343 1476 3425 quibus
1523 3344 1934 3426 expendimus
1968 3345 2137 3409 circa
2166 3344 2429 3409 ducatos
2474 3343 2657 3409 XXX
2668 3344 2723 3385 ¹¹·
2764 3344 3054 3430 (30‚000)
3100 3342 3187 3409 Et

839 3445 948 3512 ille
988 3452 1132 3512 octo
1181 3463 1338 3527 quas
1387 3447 1672 3513 dedimus
1701 3448 1987 3513 Romano
2020 3445 2314 3513 Pontifici
2360 3464 2743 3528 quamquam
2788 3446 2904 3512 sub
2936 3446 3186 3512 nomine

839 3548 1265 3614 Beatitudinis
1297 3567 1411 3614 sue
1441 3556 1686 3615 armate
1717 3550 1860 3629 sint,
1893 3556 2108 3615 tamen
2139 3550 2557 3615 certissimum
2588 3554 2705 3629 est,
2750 3548 2923 3629 quod
2951 3566 3077 3614 non
3108 3548 3188 3614 de

839 3650 1124 3733 pecuniis
1169 3649 1541 3717 Sanctitatis
1601 3672 1715 3717 sue
1771 3652 1886 3717 sed
1942 3652 2022 3718 de
2069 3652 2345 3717 denariis
2386 3651 2629 3718 decime
2675 3670 2944 3733 quorum
2985 3670 3189 3734 parva

840 3772 993 3836 pars
1043 3758 1267 3819 exacta
1307 3752 1432 3818 fuit
1475 3772 1515 3819 a
1558 3754 1744 3820 Clero
1790 3753 2127 3836 Magnifice
2174 3754 2595 3821 Comunitatis
2634 3754 2962 3821 Florentie
2992 3758 3059 3820 et
3084 3772 3186 3820 re-

840 3855 1110 3937 siduum,
1155 3876 1196 3922 a
1237 3856 1421 3922 Clero
1465 3861 1685 3923 nostro
1734 3860 1979 3921 armate
2020 3855 2291 3923 fuerunt.
2361 3857 2449 3923 Et
2475 3864 2775 3940 preterea
2806 3874 3022 3923 omnes
3052 3857 3188 3939 ipse

839 3956 967 4022 XII
1008 3957 1191 4039 galee
1237 3956 1316 4023 de
1360 3956 1720 4024 hominibus
1785 3957 2022 4025 nostris
2086 3965 2333 4025 armate
2377 3965 2543 4040 sunt,
2609 3960 2703 4025 ita
2755 3960 2928 4041 quod
2970 3979 3189 4042 quam-

843 4078 1034 4141 quam
1077 4060 1344 4127 aliorum
1388 4080 1528 4127 esse
1592 4060 1884 4128 dicantur
1949 4067 2167 4127 nostre
2232 4067 2501 4144 possunt
2554 4062 2878 4145 appellari.
2966 4063 3055 4129 Et
3092 4065 3187 4128 ni-

843 4162 1214 4230 chilominus
1271 4163 1775 4243 deliberavimuS‚
1841 4164 2013 4231 ultra
2068 4164 2188 4230 hoc
2246 4164 2407 4230 alias
2466 4184 2580 4231 sex
2638 4165 2703 4230 in
2762 4171 2905 4232 octo
2968 4165 3185 4249 galeas

841 4266 1096 4333 mittere
1143 4267 1258 4333 sub
1302 4272 1522 4333 nostro
1553 4268 1804 4333 nomine
1846 4272 1913 4333 et
1956 4285 2096 4333 cum
2126 4266 2363 4332 nostris
2392 4267 2667 4351 propriis
2693 4267 3032 4335 banderiis.
3102 4268 3189 4333 Et

843 4374 1142 4455 preterea
1185 4370 1238 4437 si
1284 4370 1419 4437 sine
1461 4369 1658 4439 multo
1721 4370 2004 4457 periculo
2067 4370 2461 4453 navigiorum
2516 4376 2815 4458 respectu
2858 4370 3189 4457 piraticam
