3793 5187
1911 491 1996 555 54

780 692 1217 776 predictorum,
1280 694 1627 775 iurandum,
1680 698 1747 761 et
1788 694 2137 761 iuramenta.
2181 693 2454 778 quelibet
2495 695 2851 762 solemniter
2890 694 3118 763 facien-

781 795 946 862 dum.
1036 796 1124 863 Et
1169 797 1378 863 omnia
1430 797 1559 863 alia
1618 797 1685 862 in
1747 798 2062 880 predictis,
2109 802 2174 863 et
2217 798 2379 864 circa
2423 797 2716 880 predicta,
2776 817 2850 865 ac
2893 799 3118 882 depen-

784 899 1074 965 dentibus
1103 903 1169 966 et
1197 900 1489 967 connexis
1515 899 1860 980 dicendum,
1905 901 2262 984 gerendum,
2307 901 2722 982 tractandum,
2751 899 3116 984 faciendum,

780 1003 1257 1085 procurandum,
1308 1007 1373 1069 et
1415 1003 1922 1084 concludendum,
1961 1021 2082 1086 que
2109 1003 2277 1070 dicto
2309 1003 2564 1086 sindicO,
2609 1007 2676 1070 et
2711 1005 3114 1087 procuratori,

778 1105 977 1186 utilia,
1040 1105 1326 1186 efficatia,
1382 1109 1496 1171 aut
1539 1111 1890 1188 opportuna
1931 1106 2320 1186 videbuntur,
2381 1107 2622 1188 danteS,
2682 1112 2749 1173 et
2785 1108 3118 1174 conceden-

782 1214 877 1276 tes
921 1207 1162 1290 prefato
1224 1227 1434 1274 eorum
1496 1207 1731 1276 sindico
1774 1214 1839 1274 et
1882 1209 2287 1292 procuratori,
2347 1208 2414 1274 in
2474 1209 2790 1293 predictiS,
2851 1214 2916 1276 et
2957 1210 3119 1276 circa

782 1311 1079 1393 predicta,
1123 1329 1197 1376 ac
1240 1311 1728 1392 dependentibus
1770 1316 1836 1377 et
1878 1311 2146 1392 conexis,
2208 1311 2289 1377 ab
2331 1310 2579 1392 eisdem,
2645 1313 2914 1395 plenum,
2967 1313 3118 1380 libe-

780 1433 939 1492 rum,
984 1421 1051 1480 et
1090 1413 1379 1497 generale
1422 1414 1803 1494 mandatum,
1864 1433 2004 1480 cum
2063 1415 2264 1497 plena,
2321 1413 2533 1495 libera,
2583 1432 2657 1481 ac
2698 1415 2970 1497 generali
3009 1417 3116 1483 ad-

784 1515 1258 1598 ministratione,
1322 1535 1396 1582 ac
1458 1517 1646 1583 etiam
1706 1517 1989 1600 speciale,
2045 1515 2149 1582 ubi
2207 1517 2494 1599 exigitur,
2554 1535 2628 1582 ac
2685 1517 3119 1600 promittentes

784 1619 991 1684 omnia
1030 1623 1095 1684 et
1139 1618 1381 1703 singula
1409 1639 1521 1702 per
1548 1619 1780 1686 dictum
1811 1625 2277 1702 procuratorem
2309 1623 2596 1699 tractata,
2639 1624 2835 1702 gesta,
2879 1625 2946 1686 et
2975 1639 3116 1687 con-

783 1721 971 1801 clusa,
1036 1719 1232 1803 firma,
1293 1728 1450 1802 rata,
1496 1725 1561 1788 et
1604 1727 1784 1804 grata
1828 1721 2075 1804 habere,
2145 1728 2374 1804 tenere,
2418 1722 2760 1802 attendere,
2806 1727 2871 1787 et
2911 1723 3118 1790 obser-

780 1843 929 1890 vare
961 1843 1100 1891 cum
1130 1824 1617 1907 dependentibus
1648 1829 1713 1890 et
1741 1825 2004 1892 conexis.
2087 1825 2174 1891 Et
2214 1826 2280 1891 in
2325 1824 2494 1891 nullo
2538 1823 2973 1906 contrafacere,
3021 1827 3120 1892 vel

780 1927 1009 2008 venire,
1055 1926 1170 1993 sub
1213 1927 1587 2010 obligatione
1630 1928 1924 2008 omnium,
1985 1928 2136 1994 dicti
2189 1926 2484 1995 Comunis
2527 1927 2948 2009 Venetiamm,
3011 1927 3118 1996 bo-

781 2047 1002 2094 norum
1045 2030 1425 2111 presentium
1468 2035 1534 2096 et
1574 2029 1944 2097 futurorum.
2033 2031 2258 2097 Actum
2306 2031 2606 2112 VenetiiS,
2661 2030 2726 2095 in
2763 2031 2968 2097 ducali
3010 2050 3117 2114 pa-

779 2131 952 2212 latio,
998 2132 1064 2197 in
1106 2131 1242 2197 sala
1270 2132 1521 2199 maioris
1548 2132 1787 2199 consilii
1816 2133 2035 2216 palatii
2063 2133 2370 2216 prelibati,
2417 2132 2808 2217 presentibus
2841 2134 3118 2218 sapiente

780 2241 847 2301 et
888 2235 1332 2317 circumspecto
1391 2235 1525 2302 viro
1579 2235 1827 2302 domino
1864 2236 2139 2302 Iohanne
2181 2235 2513 2318 Plumatio,
2571 2235 2920 2302 honorabili
2959 2236 3118 2304 Can-

783 2337 1033 2404 cellan'o
1082 2337 1505 2420 venetiarum,
1566 2357 1681 2408 nec
1734 2356 1851 2404 noc
1909 2338 2371 2421 circumspectis
2427 2339 2576 2406 viris
2631 2358 2731 2406 ser
2788 2340 3116 2407 Francisco

780 2440 1121 2522 Bevazano,
1168 2441 1435 2525 Mapheo
1474 2441 1934 2522 Bartholameo,
1979 2441 2328 2524 Gasparino
2382 2443 2461 2508 de
2507 2441 2808 2522 Merlatis,
2857 2442 3119 2508 ducatus

782 2543 1188 2611 Venetiamm
1230 2543 1477 2626 notarii,
1538 2544 1804 2612 testibus
1846 2545 1926 2611 ad
1973 2545 2292 2628 premissa,
2331 2544 2585 2627 vocatis,
2643 2544 3011 2628 specialiter,
3055 2549 3120 2612 et

780 2648 1032 2730 rogatis.
1090 2647 1625 2731 Impremissorum
1652 2652 1862 2714 autern
1902 2648 2326 2715 testimonium
2369 2652 2434 2715 et
2477 2648 2850 2715 evidentiam
2885 2648 3118 2731 plenio-

780 2770 930 2831 rem,
974 2748 1252 2833 prefatus
1289 2751 1591 2832 dominuS‚
1650 2751 1939 2818 dominus
1980 2751 2130 2817 Dux
2177 2769 2428 2834 presens
2469 2751 2950 2818 instrumentum
2993 2751 3118 2817 sin-

783 2852 1031 2933 dicatus
1068 2851 1202 2919 fieri
1246 2855 1579 2935 mandavit,
1626 2860 1692 2920 et
1727 2872 1838 2921 sue
1880 2853 2050 2920 bulle
2093 2852 2378 2937 plumbee
2419 2854 2746 2937 pendentis
2780 2855 3119 2921 munimine

776 2955 1072 3023 roborari.

983 3093 1262 3177 (Siqnum
1306 3094 1760 3177 tabeleienatus.)
1845 3093 1980 3177 Ego
2023 3092 2246 3159 Petrus
2289 3092 2483 3176 Nigro
2524 3094 2836 3177 quondam
2879 3112 2979 3160 ser
3022 3092 3118 3160 Si-

779 3194 978 3260 monis
1028 3194 1309 3277 publicus
1352 3195 1658 3279 imperiali
1700 3196 2040 3263 autoritate
2080 3196 2380 3277 notarius,
2425 3202 2491 3262 et
2531 3197 2794 3263 ducatus
2823 3196 3117 3263 Venetia-

782 3317 919 3363 rum
958 3296 1161 3363 scriba
1210 3298 1503 3380 predictis
1548 3298 1830 3364 omnibus
1881 3316 2137 3380 presens
2177 3298 2284 3379 fui,
2340 3302 2406 3364 et
2455 3304 2710 3382 rogatus
2753 3320 2793 3367 a
2835 3299 3119 3383 partibus

784 3400 1222 3483 suprascriptis
1250 3418 1503 3482 presens
1537 3400 2014 3466 instrumentum
2055 3402 2275 3483 scripsi
2318 3406 2382 3467 et
2422 3402 2749 3484 publicavi,
2794 3402 2861 3468 in
2905 3400 3118 3469 fidem-

782 3520 903 3585 que
962 3502 1235 3567 omnium
1287 3504 1744 3585 premissorum,
1788 3503 2030 3587 signum
2078 3522 2284 3569 meum
2327 3504 2588 3587 apposui
2629 3510 3007 3576 consuetum.

939 3619 1205 3679 (Archivio
1239 3620 1297 3675 da·
1329 3620 1483 3675 Scato
1520 3626 1572 3676 ιἰι
1608 3621 1844 3691 Venetia,

850 3705 1341 3762 Commemoriale
1386 3706 1493 3776 XI,
1542 3712 1705 3763 carte
1752 3708 1815 3762 11
1860 3708 1930 3776 t.)

1793 3981 2102 4057 XXIII.

1482 4120 1827 4189 MCCGCXX.
1874 4120 1970 4187 die
2010 4120 2110 4186 vn.
2159 4120 2417 4206 Augusti.

989 4287 1144 4353 Cum
1195 4290 1273 4355 ad
1316 4292 1692 4372 presentiam
1743 4290 1942 4357 nostri
1985 4290 2244 4358 dominii
2286 4292 2745 4375 comparuerint
2785 4293 2941 4360 duos
2987 4311 3118 4357 am-

782 4388 1058 4459 bassiato
1066 4410 1168 4459 res
1212 4392 1599 4460 Serenissimi
1642 4394 1875 4461 domini
1918 4392 2108 4477 Regis
2148 4392 2419 4477 Polonie‚
2465 4399 2531 4462 et
2573 4394 2846 4462 illustris
2887 4394 3120 4461 domini
