<?xml version="1.0" encoding="UTF-8"?>
<!DOCTYPE html PUBLIC "-//W3C//DTD XHTML 1.0 Transitional//EN"
    "http://www.w3.org/TR/xhtml1/DTD/xhtml1-transitional.dtd">
<html xmlns="http://www.w3.org/1999/xhtml" xml:lang="en" lang="en">
 <head>
  <title>
</title>
<meta http-equiv="Content-Type" content="text/html;charset=utf-8" />
  <meta name='ocr-system' content='tesseract 3.04.00' />
  <meta name='ocr-capabilities' content='ocr_page ocr_carea ocr_par ocr_line ocrx_word'/>
</head>
<body>
  <div class='ocr_page' id='page_1' title='image "./fontesrerumpolo00unkngoog_0172.png"; bbox 0 0 3793 5187; ppageno 0'>
   <div class='ocr_carea' id='block_1_1' title="bbox 1744 667 1867 729">
    <p class='ocr_par' dir='ltr' id='par_1_1' title="bbox 1744 667 1867 729">
     <span class='ocr_line' id='line_1_1' title="bbox 1744 667 1867 729; baseline 0.008 -1"><span class='ocrx_word' id='word_1_1' title='bbox 1744 667 1867 729; x_wconf 84' lang='lat'>175</span> 
     </span>
    </p>
   </div>
   <div class='ocr_carea' id='block_1_2' title="bbox 1606 750 2016 762">
    <p class='ocr_par' dir='ltr' id='par_1_2' title="bbox 1606 750 2016 762">
     <span class='ocr_line' id='line_1_2' title="bbox 1606 750 2016 762; baseline 0 4425"><span class='ocrx_word' id='word_1_2' title='bbox 1606 750 2016 762; x_wconf 95' lang='lat' dir='ltr'> </span> 
     </span>
    </p>
   </div>
   <div class='ocr_carea' id='block_1_3' title="bbox 632 866 2987 3623">
    <p class='ocr_par' dir='ltr' id='par_1_3' title="bbox 632 866 2986 2081">
     <span class='ocr_line' id='line_1_3' title="bbox 632 866 2986 952; baseline -0.002 -16"><span class='ocrx_word' id='word_1_3' title='bbox 632 869 1067 952; x_wconf 83' lang='lat' dir='ltr'><strong>incompositis</strong></span> <span class='ocrx_word' id='word_1_4' title='bbox 1132 868 1262 932; x_wconf 91' lang='lat' dir='ltr'>illis</span> <span class='ocrx_word' id='word_1_5' title='bbox 1330 866 1517 934; x_wconf 88' lang='lat' dir='ltr'>rebus</span> <span class='ocrx_word' id='word_1_6' title='bbox 1580 869 1920 934; x_wconf 78' lang='lat' dir='ltr'>necessitas</span> <span class='ocrx_word' id='word_1_7' title='bbox 1987 873 2101 933; x_wconf 88' lang='lat' dir='ltr'>aut</span> <span class='ocrx_word' id='word_1_8' title='bbox 2166 867 2410 934; x_wconf 85' lang='lat' dir='ltr'>utilitas</span> <span class='ocrx_word' id='word_1_9' title='bbox 2473 884 2604 932; x_wconf 91' lang='lat' dir='ltr'>non</span> <span class='ocrx_word' id='word_1_10' title='bbox 2667 867 2986 932; x_wconf 81' lang='lat' dir='ltr'>videretur</span> 
     </span>
     <span class='ocr_line' id='line_1_4' title="bbox 634 971 2984 1056; baseline -0.003 -15"><span class='ocrx_word' id='word_1_11' title='bbox 634 975 845 1041; x_wconf 85' lang='lat' dir='ltr'>afferri</span> <span class='ocrx_word' id='word_1_12' title='bbox 890 991 1075 1056; x_wconf 88' lang='lat' dir='ltr'>posse</span> <span class='ocrx_word' id='word_1_13' title='bbox 1120 991 1235 1055; x_wconf 92' lang='lat' dir='ltr'>per</span> <span class='ocrx_word' id='word_1_14' title='bbox 1262 973 1624 1055; x_wconf 91' lang='lat' dir='ltr'>impresiam</span> <span class='ocrx_word' id='word_1_15' title='bbox 1654 973 1825 1056; x_wconf 86' lang='lat' dir='ltr'>regie</span> <span class='ocrx_word' id='word_1_16' title='bbox 1858 971 2278 1037; x_wconf 88' lang='lat' dir='ltr'>Sublimitatis</span> <span class='ocrx_word' id='word_1_17' title='bbox 2312 971 2672 1037; x_wconf 87' lang='lat' dir='ltr'>christianis</span> <span class='ocrx_word' id='word_1_18' title='bbox 2695 971 2984 1053; x_wconf 79' lang='lat' dir='ltr'>negotiiS,</span> 
     </span>
     <span class='ocr_line' id='line_1_5' title="bbox 642 1071 2985 1158; baseline -0.003 -16"><span class='ocrx_word' id='word_1_19' title='bbox 642 1077 750 1142; x_wconf 89' lang='lat' dir='ltr'>sed</span> <span class='ocrx_word' id='word_1_20' title='bbox 792 1078 1007 1158; x_wconf 89' lang='lat' dir='ltr'>potius</span> <span class='ocrx_word' id='word_1_21' title='bbox 1054 1076 1366 1158; x_wconf 85' lang='lat' dir='ltr'><strong>principes</strong></span> <span class='ocrx_word' id='word_1_22' title='bbox 1413 1075 1833 1141; x_wconf 88' lang='lat' dir='ltr'>contributuri</span> <span class='ocrx_word' id='word_1_23' title='bbox 1879 1076 1944 1139; x_wconf 92' lang='lat' dir='ltr'>in</span> <span class='ocrx_word' id='word_1_24' title='bbox 1988 1075 2266 1157; x_wconf 78' lang='lat' dir='ltr'>aliquam</span> <span class='ocrx_word' id='word_1_25' title='bbox 2311 1075 2766 1140; x_wconf 83' lang='lat' dir='ltr'>deducerentur</span> <span class='ocrx_word' id='word_1_26' title='bbox 2803 1071 2985 1138; x_wconf 90' lang='lat' dir='ltr'>dubi-</span> 
     </span>
     <span class='ocr_line' id='line_1_6' title="bbox 636 1176 2986 1259; baseline -0.002 -15"><span class='ocrx_word' id='word_1_27' title='bbox 636 1180 939 1244; x_wconf 81' lang='lat' dir='ltr'>tationem</span> <span class='ocrx_word' id='word_1_28' title='bbox 987 1180 1422 1244; x_wconf 78' lang='lat' dir='ltr'>removendam</span> <span class='ocrx_word' id='word_1_29' title='bbox 1467 1197 1545 1245; x_wconf 87' lang='lat' dir='ltr'>ex</span> <span class='ocrx_word' id='word_1_30' title='bbox 1587 1179 1900 1243; x_wconf 88' lang='lat' dir='ltr'>mentibus</span> <span class='ocrx_word' id='word_1_31' title='bbox 1941 1179 2446 1259; x_wconf 89' lang='lat' dir='ltr'>uniuscuiusque.</span> <span class='ocrx_word' id='word_1_32' title='bbox 2491 1177 2760 1242; x_wconf 90' lang='lat' dir='ltr'>Utimini</span> <span class='ocrx_word' id='word_1_33' title='bbox 2796 1176 2986 1258; x_wconf 89' lang='lat' dir='ltr'>igitur</span> 
     </span>
     <span class='ocr_line' id='line_1_7' title="bbox 636 1280 2984 1364; baseline 0 -18"><span class='ocrx_word' id='word_1_34' title='bbox 636 1283 757 1346; x_wconf 86' lang='lat' dir='ltr'>hac</span> <span class='ocrx_word' id='word_1_35' title='bbox 798 1283 1045 1346; x_wconf 89' lang='lat' dir='ltr'>ratione</span> <span class='ocrx_word' id='word_1_36' title='bbox 1089 1289 1155 1347; x_wconf 90' lang='lat' dir='ltr'>et</span> <span class='ocrx_word' id='word_1_37' title='bbox 1198 1288 1485 1364; x_wconf 88' lang='lat' dir='ltr'>respectu</span> <span class='ocrx_word' id='word_1_38' title='bbox 1535 1281 1615 1345; x_wconf 88' lang='lat' dir='ltr'>ad</span> <span class='ocrx_word' id='word_1_39' title='bbox 1658 1282 2121 1362; x_wconf 85' lang='lat' dir='ltr'>persuadendas</span> <span class='ocrx_word' id='word_1_40' title='bbox 2171 1281 2448 1346; x_wconf 83' lang='lat' dir='ltr'>indutias</span> <span class='ocrx_word' id='word_1_41' title='bbox 2491 1281 2856 1360; x_wconf 73' lang='lat' dir='ltr'>antedictae,</span> <span class='ocrx_word' id='word_1_42' title='bbox 2902 1280 2984 1346; x_wconf 90' lang='lat' dir='ltr'>ad</span> 
     </span>
     <span class='ocr_line' id='line_1_8' title="bbox 638 1384 2984 1465; baseline -0.001 -16"><span class='ocrx_word' id='word_1_43' title='bbox 638 1390 879 1450; x_wconf 87' lang='lat' dir='ltr'>ceteras</span> <span class='ocrx_word' id='word_1_44' title='bbox 942 1385 1177 1449; x_wconf 91' lang='lat' dir='ltr'>multas</span> <span class='ocrx_word' id='word_1_45' title='bbox 1239 1385 1399 1448; x_wconf 88' lang='lat' dir='ltr'>alias</span> <span class='ocrx_word' id='word_1_46' title='bbox 1467 1402 1693 1448; x_wconf 81' lang='lat' dir='ltr'>causas</span> <span class='ocrx_word' id='word_1_47' title='bbox 1765 1391 1829 1448; x_wconf 89' lang='lat' dir='ltr'>et</span> <span class='ocrx_word' id='word_1_48' title='bbox 1901 1388 2222 1464; x_wconf 88' lang='lat' dir='ltr'>respectus</span> <span class='ocrx_word' id='word_1_49' title='bbox 2285 1401 2406 1465; x_wconf 89' lang='lat' dir='ltr'>que</span> <span class='ocrx_word' id='word_1_50' title='bbox 2463 1384 2697 1465; x_wconf 89' lang='lat' dir='ltr'>judicio</span> <span class='ocrx_word' id='word_1_51' title='bbox 2769 1388 2984 1447; x_wconf 87' lang='lat' dir='ltr'>nostro</span> 
     </span>
     <span class='ocr_line' id='line_1_9' title="bbox 634 1471 2981 1570; baseline -0.001 -19"><span class='ocrx_word' id='word_1_52' title='bbox 634 1488 1031 1552; x_wconf 77' lang='lat' dir='ltr'>Maiestatem</span> <span class='ocrx_word' id='word_1_53' title='bbox 1095 1488 1443 1569; x_wconf 85' lang='lat' dir='ltr'>predictam</span> <span class='ocrx_word' id='word_1_54' title='bbox 1506 1488 1883 1570; x_wconf 86' lang='lat' dir='ltr'>persuadere</span> <span class='ocrx_word' id='word_1_55' title='bbox 1939 1488 2186 1568; x_wconf 90' lang='lat' dir='ltr'>penitus</span> <span class='ocrx_word' id='word_1_56' title='bbox 2245 1471 2310 1550; x_wconf 83' lang='lat' dir='ltr'>et</span> <span class='ocrx_word' id='word_1_57' title='bbox 2353 1487 2645 1552; x_wconf 88' lang='lat' dir='ltr'>inducere</span> <span class='ocrx_word' id='word_1_58' title='bbox 2689 1485 2981 1552; x_wconf 64' lang='lat' dir='ltr'>debeant:</span> 
     </span>
     <span class='ocr_line' id='line_1_10' title="bbox 640 1588 2981 1672; baseline -0.001 -17"><span class='ocrx_word' id='word_1_59' title='bbox 640 1591 757 1656; x_wconf 92' lang='lat' dir='ltr'>Cui</span> <span class='ocrx_word' id='word_1_60' title='bbox 802 1589 1113 1655; x_wconf 80' lang='lat' dir='ltr'>affirmate</span> <span class='ocrx_word' id='word_1_61' title='bbox 1156 1609 1273 1655; x_wconf 92' lang='lat' dir='ltr'>nos</span> <span class='ocrx_word' id='word_1_62' title='bbox 1317 1591 1860 1672; x_wconf 84' lang='lat' dir='ltr'>diligentissimam</span> <span class='ocrx_word' id='word_1_63' title='bbox 1908 1597 1972 1652; x_wconf 92' lang='lat' dir='ltr'>et</span> <span class='ocrx_word' id='word_1_64' title='bbox 2014 1588 2386 1653; x_wconf 84' lang='lat' dir='ltr'>indefessam</span> <span class='ocrx_word' id='word_1_65' title='bbox 2415 1607 2668 1670; x_wconf 81' lang='lat' dir='ltr'>operam</span> <span class='ocrx_word' id='word_1_66' title='bbox 2698 1590 2981 1666; x_wconf 87' lang='lat' dir='ltr'>daturos;</span> 
     </span>
     <span class='ocr_line' id='line_1_11' title="bbox 638 1691 2984 1776; baseline -0.001 -19"><span class='ocrx_word' id='word_1_67' title='bbox 638 1699 711 1757; x_wconf 92' lang='lat' dir='ltr'>ut</span> <span class='ocrx_word' id='word_1_68' title='bbox 778 1693 1039 1776; x_wconf 87' lang='lat' dir='ltr'>pecunie</span> <span class='ocrx_word' id='word_1_69' title='bbox 1102 1695 1443 1758; x_wconf 83' lang='lat' dir='ltr'>constitute</span> <span class='ocrx_word' id='word_1_70' title='bbox 1524 1692 1938 1771; x_wconf 83' lang='lat' dir='ltr'>cumulentur,</span> <span class='ocrx_word' id='word_1_71' title='bbox 2001 1698 2066 1756; x_wconf 89' lang='lat' dir='ltr'>et</span> <span class='ocrx_word' id='word_1_72' title='bbox 2121 1699 2338 1771; x_wconf 89' lang='lat' dir='ltr'>presto</span> <span class='ocrx_word' id='word_1_73' title='bbox 2400 1709 2538 1756; x_wconf 88' lang='lat' dir='ltr'>esse</span> <span class='ocrx_word' id='word_1_74' title='bbox 2599 1692 2840 1772; x_wconf 85' lang='lat' dir='ltr'>possint</span> <span class='ocrx_word' id='word_1_75' title='bbox 2902 1691 2984 1754; x_wconf 89' lang='lat' dir='ltr'>ad</span> 
     </span>
     <span class='ocr_line' id='line_1_12' title="bbox 637 1794 2984 1876; baseline -0.002 -16"><span class='ocrx_word' id='word_1_76' title='bbox 637 1795 1111 1860; x_wconf 87' lang='lat' dir='ltr'>subventionem</span> <span class='ocrx_word' id='word_1_77' title='bbox 1152 1814 1358 1860; x_wconf 88' lang='lat' dir='ltr'>rerum</span> <span class='ocrx_word' id='word_1_78' title='bbox 1404 1794 1914 1874; x_wconf 87' lang='lat' dir='ltr'>christianarum,</span> <span class='ocrx_word' id='word_1_79' title='bbox 1963 1813 2224 1874; x_wconf 89' lang='lat' dir='ltr'>quarum</span> <span class='ocrx_word' id='word_1_80' title='bbox 2271 1795 2736 1876; x_wconf 88' lang='lat' dir='ltr'>importantiam</span> <span class='ocrx_word' id='word_1_81' title='bbox 2783 1798 2848 1858; x_wconf 86' lang='lat' dir='ltr'>et</span> <span class='ocrx_word' id='word_1_82' title='bbox 2877 1811 2984 1856; x_wconf 91' lang='lat' dir='ltr'>ne-</span> 
     </span>
     <span class='ocr_line' id='line_1_13' title="bbox 638 1897 2982 1980; baseline -0.001 -18"><span class='ocrx_word' id='word_1_83' title='bbox 638 1899 992 1962; x_wconf 88' lang='lat' dir='ltr'>cessitatem</span> <span class='ocrx_word' id='word_1_84' title='bbox 1038 1917 1113 1961; x_wconf 85' lang='lat' dir='ltr'>ex</span> <span class='ocrx_word' id='word_1_85' title='bbox 1158 1899 1459 1979; x_wconf 90' lang='lat' dir='ltr'>temporis</span> <span class='ocrx_word' id='word_1_86' title='bbox 1502 1899 1809 1979; x_wconf 88' lang='lat' dir='ltr'>angustia,</span> <span class='ocrx_word' id='word_1_87' title='bbox 1860 1903 1927 1962; x_wconf 89' lang='lat' dir='ltr'>et</span> <span class='ocrx_word' id='word_1_88' title='bbox 1968 1917 2044 1962; x_wconf 83' lang='lat' dir='ltr'>ex</span> <span class='ocrx_word' id='word_1_89' title='bbox 2073 1899 2499 1980; x_wconf 85' lang='lat' dir='ltr'>magnitudine</span> <span class='ocrx_word' id='word_1_90' title='bbox 2529 1897 2752 1963; x_wconf 80' lang='lat' dir='ltr'>virium</span> <span class='ocrx_word' id='word_1_91' title='bbox 2783 1897 2982 1963; x_wconf 87' lang='lat' dir='ltr'>hostis</span> 
     </span>
     <span class='ocr_line' id='line_1_14' title="bbox 638 1999 1333 2081; baseline 0.001 -17"><span class='ocrx_word' id='word_1_92' title='bbox 638 1999 872 2081; x_wconf 91' lang='lat' dir='ltr'>optime</span> <span class='ocrx_word' id='word_1_93' title='bbox 910 1999 1333 2081; x_wconf 86' lang='lat' dir='ltr'>intelligimus.</span> 
     </span>
    </p>

    <p class='ocr_par' dir='ltr' id='par_1_4' title="bbox 636 2101 2987 3623">
     <span class='ocr_line' id='line_1_15' title="bbox 842 2101 2984 2184; baseline -0 -17"><span class='ocrx_word' id='word_1_94' title='bbox 842 2102 1092 2167; x_wconf 90' lang='lat' dir='ltr'>Vestris</span> <span class='ocrx_word' id='word_1_95' title='bbox 1158 2103 1361 2167; x_wconf 91' lang='lat' dir='ltr'>literis</span> <span class='ocrx_word' id='word_1_96' title='bbox 1424 2101 1547 2166; x_wconf 89' lang='lat' dir='ltr'>diei</span> <span class='ocrx_word' id='word_1_97' title='bbox 1596 2101 1842 2166; x_wconf 86' lang='lat' dir='ltr'>XXIIII</span> <span class='ocrx_word' id='word_1_98' title='bbox 1887 2103 2116 2166; x_wconf 84' lang='lat' dir='ltr'>mensis</span> <span class='ocrx_word' id='word_1_99' title='bbox 2161 2102 2356 2184; x_wconf 88' lang='lat' dir='ltr'>elapsi</span> <span class='ocrx_word' id='word_1_100' title='bbox 2399 2101 2576 2167; x_wconf 92' lang='lat' dir='ltr'>nobis</span> <span class='ocrx_word' id='word_1_101' title='bbox 2619 2102 2984 2168; x_wconf 85' lang='lat' dir='ltr'>declarastis</span> 
     </span>
     <span class='ocr_line' id='line_1_16' title="bbox 638 2205 2985 2287; baseline 0 -18"><span class='ocrx_word' id='word_1_102' title='bbox 638 2205 829 2270; x_wconf 81' lang='lat' dir='ltr'>verba</span> <span class='ocrx_word' id='word_1_103' title='bbox 886 2206 1111 2287; x_wconf 91' lang='lat' dir='ltr'>quibus</span> <span class='ocrx_word' id='word_1_104' title='bbox 1170 2205 1490 2270; x_wconf 82' lang='lat' dir='ltr'>vobiscum</span> <span class='ocrx_word' id='word_1_105' title='bbox 1548 2224 1697 2270; x_wconf 89' lang='lat' dir='ltr'>usus</span> <span class='ocrx_word' id='word_1_106' title='bbox 1748 2211 1845 2270; x_wconf 90' lang='lat' dir='ltr'>est</span> <span class='ocrx_word' id='word_1_107' title='bbox 1892 2206 2012 2270; x_wconf 88' lang='lat' dir='ltr'>iste</span> <span class='ocrx_word' id='word_1_108' title='bbox 2057 2205 2498 2270; x_wconf 79' lang='lat' dir='ltr'>Serenissimus</span> <span class='ocrx_word' id='word_1_109' title='bbox 2543 2207 2830 2270; x_wconf 88' lang='lat' dir='ltr'>dominus</span> <span class='ocrx_word' id='word_1_110' title='bbox 2875 2223 2985 2270; x_wconf 76' lang='lat' dir='ltr'>rex</span> 
     </span>
     <span class='ocr_line' id='line_1_17' title="bbox 636 2307 2984 2388; baseline 0 -16"><span class='ocrx_word' id='word_1_111' title='bbox 636 2309 801 2372; x_wconf 90' lang='lat' dir='ltr'>circa</span> <span class='ocrx_word' id='word_1_112' title='bbox 847 2307 1016 2372; x_wconf 89' lang='lat' dir='ltr'>mala</span> <span class='ocrx_word' id='word_1_113' title='bbox 1060 2309 1409 2387; x_wconf 86' lang='lat' dir='ltr'>incomoda,</span> <span class='ocrx_word' id='word_1_114' title='bbox 1464 2314 1528 2372; x_wconf 90' lang='lat' dir='ltr'>et</span> <span class='ocrx_word' id='word_1_115' title='bbox 1567 2308 1794 2372; x_wconf 88' lang='lat' dir='ltr'>damna</span> <span class='ocrx_word' id='word_1_116' title='bbox 1824 2327 1900 2371; x_wconf 84' lang='lat' dir='ltr'>ex</span> <span class='ocrx_word' id='word_1_117' title='bbox 1929 2307 2164 2388; x_wconf 87' lang='lat' dir='ltr'>rapinis</span> <span class='ocrx_word' id='word_1_118' title='bbox 2193 2312 2256 2371; x_wconf 90' lang='lat' dir='ltr'>et</span> <span class='ocrx_word' id='word_1_119' title='bbox 2287 2307 2598 2372; x_wconf 72' lang='lat' dir='ltr'>violentiis</span> <span class='ocrx_word' id='word_1_120' title='bbox 2627 2312 2984 2373; x_wconf 89' lang='lat' dir='ltr'>nostrorum</span> 
     </span>
     <span class='ocr_line' id='line_1_18' title="bbox 640 2409 2984 2490; baseline 0 -17"><span class='ocrx_word' id='word_1_121' title='bbox 640 2409 1031 2474; x_wconf 89' lang='lat' dir='ltr'>subditorum</span> <span class='ocrx_word' id='word_1_122' title='bbox 1066 2410 1359 2475; x_wconf 78' lang='lat' dir='ltr'>Crovatie</span> <span class='ocrx_word' id='word_1_123' title='bbox 1400 2415 1465 2474; x_wconf 90' lang='lat' dir='ltr'>et</span> <span class='ocrx_word' id='word_1_124' title='bbox 1507 2409 1823 2474; x_wconf 89' lang='lat' dir='ltr'>Dalmatie</span> <span class='ocrx_word' id='word_1_125' title='bbox 1864 2411 2134 2474; x_wconf 87' lang='lat' dir='ltr'>vicissim</span> <span class='ocrx_word' id='word_1_126' title='bbox 2176 2411 2354 2473; x_wconf 91' lang='lat' dir='ltr'>illata</span> <span class='ocrx_word' id='word_1_127' title='bbox 2396 2411 2668 2490; x_wconf 88' lang='lat' dir='ltr'>aptanda</span> <span class='ocrx_word' id='word_1_128' title='bbox 2713 2415 2776 2474; x_wconf 92' lang='lat' dir='ltr'>et</span> <span class='ocrx_word' id='word_1_129' title='bbox 2819 2429 2984 2475; x_wconf 90' lang='lat' dir='ltr'>com-</span> 
     </span>
     <span class='ocr_line' id='line_1_19' title="bbox 636 2511 2981 2595; baseline 0 -19"><span class='ocrx_word' id='word_1_130' title='bbox 636 2514 941 2593; x_wconf 83' lang='lat' dir='ltr'>ponenda,</span> <span class='ocrx_word' id='word_1_131' title='bbox 999 2531 1113 2595; x_wconf 89' lang='lat' dir='ltr'>pro</span> <span class='ocrx_word' id='word_1_132' title='bbox 1171 2513 1396 2595; x_wconf 88' lang='lat' dir='ltr'>quibus</span> <span class='ocrx_word' id='word_1_133' title='bbox 1441 2512 1601 2577; x_wconf 93' lang='lat' dir='ltr'>alias</span> <span class='ocrx_word' id='word_1_134' title='bbox 1644 2513 1817 2595; x_wconf 87' lang='lat' dir='ltr'>regia</span> <span class='ocrx_word' id='word_1_135' title='bbox 1866 2511 2236 2576; x_wconf 87' lang='lat' dir='ltr'>Sublimitas</span> <span class='ocrx_word' id='word_1_136' title='bbox 2283 2531 2428 2577; x_wconf 86' lang='lat' dir='ltr'>suos</span> <span class='ocrx_word' id='word_1_137' title='bbox 2471 2513 2642 2576; x_wconf 89' lang='lat' dir='ltr'>misit</span> <span class='ocrx_word' id='word_1_138' title='bbox 2681 2517 2981 2590; x_wconf 83' lang='lat' dir='ltr'>oratoreS‚</span> 
     </span>
     <span class='ocr_line' id='line_1_20' title="bbox 640 2614 2987 2697; baseline 0 -18"><span class='ocrx_word' id='word_1_139' title='bbox 640 2616 745 2697; x_wconf 92' lang='lat' dir='ltr'>qui</span> <span class='ocrx_word' id='word_1_140' title='bbox 806 2617 923 2680; x_wconf 90' lang='lat' dir='ltr'>etsi</span> <span class='ocrx_word' id='word_1_141' title='bbox 984 2614 1217 2681; x_wconf 88' lang='lat' dir='ltr'>fuerint</span> <span class='ocrx_word' id='word_1_142' title='bbox 1278 2615 1624 2697; x_wconf 82' lang='lat' dir='ltr'>singulares</span> <span class='ocrx_word' id='word_1_143' title='bbox 1686 2624 1751 2679; x_wconf 89' lang='lat' dir='ltr'>et</span> <span class='ocrx_word' id='word_1_144' title='bbox 1820 2620 2176 2697; x_wconf 88' lang='lat' dir='ltr'>prestantes</span> <span class='ocrx_word' id='word_1_145' title='bbox 2241 2615 2379 2694; x_wconf 80' lang='lat' dir='ltr'>viri,</span> <span class='ocrx_word' id='word_1_146' title='bbox 2445 2634 2571 2680; x_wconf 92' lang='lat' dir='ltr'>non</span> <span class='ocrx_word' id='word_1_147' title='bbox 2615 2620 2824 2679; x_wconf 86' lang='lat' dir='ltr'>tamen</span> <span class='ocrx_word' id='word_1_148' title='bbox 2869 2616 2987 2679; x_wconf 78' lang='lat' dir='ltr'>visi</span> 
     </span>
     <span class='ocr_line' id='line_1_21' title="bbox 638 2716 2985 2799; baseline 0 -18"><span class='ocrx_word' id='word_1_149' title='bbox 638 2724 787 2782; x_wconf 91' lang='lat' dir='ltr'>sunt</span> <span class='ocrx_word' id='word_1_150' title='bbox 841 2718 1021 2783; x_wconf 90' lang='lat' dir='ltr'>nobis</span> <span class='ocrx_word' id='word_1_151' title='bbox 1082 2719 1327 2783; x_wconf 83' lang='lat' dir='ltr'>venisse</span> <span class='ocrx_word' id='word_1_152' title='bbox 1384 2719 1465 2784; x_wconf 91' lang='lat' dir='ltr'>ad</span> <span class='ocrx_word' id='word_1_153' title='bbox 1520 2720 1980 2799; x_wconf 90' lang='lat' dir='ltr'>componendas</span> <span class='ocrx_word' id='word_1_154' title='bbox 2041 2718 2420 2782; x_wconf 80' lang='lat' dir='ltr'>differentias</span> <span class='ocrx_word' id='word_1_155' title='bbox 2477 2718 2642 2781; x_wconf 89' lang='lat' dir='ltr'>inter</span> <span class='ocrx_word' id='word_1_156' title='bbox 2699 2716 2985 2782; x_wconf 90' lang='lat' dir='ltr'>subditos</span> 
     </span>
     <span class='ocr_line' id='line_1_22' title="bbox 642 2818 2985 2901; baseline -0.001 -16"><span class='ocrx_word' id='word_1_157' title='bbox 642 2826 813 2885; x_wconf 87' lang='lat' dir='ltr'>ortas</span> <span class='ocrx_word' id='word_1_158' title='bbox 858 2826 924 2886; x_wconf 91' lang='lat' dir='ltr'>et</span> <span class='ocrx_word' id='word_1_159' title='bbox 968 2827 1259 2885; x_wconf 87' lang='lat' dir='ltr'>causatas</span> <span class='ocrx_word' id='word_1_160' title='bbox 1304 2840 1381 2885; x_wconf 88' lang='lat' dir='ltr'>ex</span> <span class='ocrx_word' id='word_1_161' title='bbox 1424 2822 1657 2885; x_wconf 91' lang='lat' dir='ltr'>mutuis</span> <span class='ocrx_word' id='word_1_162' title='bbox 1706 2820 2189 2899; x_wconf 86' lang='lat' dir='ltr'>offensionibus;</span> <span class='ocrx_word' id='word_1_163' title='bbox 2236 2820 2344 2885; x_wconf 91' lang='lat' dir='ltr'>sed</span> <span class='ocrx_word' id='word_1_164' title='bbox 2390 2820 2468 2883; x_wconf 88' lang='lat' dir='ltr'>ad</span> <span class='ocrx_word' id='word_1_165' title='bbox 2501 2820 2640 2884; x_wconf 94' lang='lat' dir='ltr'>illas</span> <span class='ocrx_word' id='word_1_166' title='bbox 2670 2818 2985 2901; x_wconf 88' lang='lat' dir='ltr'>augendas</span> 
     </span>
     <span class='ocr_line' id='line_1_23' title="bbox 638 2922 2978 3005; baseline 0 -18"><span class='ocrx_word' id='word_1_167' title='bbox 638 2924 868 3005; x_wconf 79' lang='lat' dir='ltr'>potiu8‚</span> <span class='ocrx_word' id='word_1_168' title='bbox 928 2929 995 2987; x_wconf 89' lang='lat' dir='ltr'>et</span> <span class='ocrx_word' id='word_1_169' title='bbox 1037 2922 1534 2989; x_wconf 86' lang='lat' dir='ltr'>difficultandam</span> <span class='ocrx_word' id='word_1_170' title='bbox 1579 2944 1821 2989; x_wconf 89' lang='lat' dir='ltr'>omnem</span> <span class='ocrx_word' id='word_1_171' title='bbox 1858 2924 2370 3005; x_wconf 81' lang='lat' dir='ltr'>compositionem</span> <span class='ocrx_word' id='word_1_172' title='bbox 2413 2928 2478 2987; x_wconf 90' lang='lat' dir='ltr'>et</span> <span class='ocrx_word' id='word_1_173' title='bbox 2517 2928 2978 3005; x_wconf 87' lang='lat' dir='ltr'>aptamentum:</span> 
     </span>
     <span class='ocr_line' id='line_1_24' title="bbox 642 3025 2984 3107; baseline -0 -17"><span class='ocrx_word' id='word_1_174' title='bbox 642 3026 855 3091; x_wconf 85' lang='lat' dir='ltr'>Factis</span> <span class='ocrx_word' id='word_1_175' title='bbox 902 3026 1063 3090; x_wconf 88' lang='lat' dir='ltr'>enim</span> <span class='ocrx_word' id='word_1_176' title='bbox 1108 3028 1429 3091; x_wconf 88' lang='lat' dir='ltr'>nonnullis</span> <span class='ocrx_word' id='word_1_177' title='bbox 1478 3027 1810 3092; x_wconf 84' lang='lat' dir='ltr'>excessivis</span> <span class='ocrx_word' id='word_1_178' title='bbox 1860 3032 1924 3091; x_wconf 91' lang='lat' dir='ltr'>et</span> <span class='ocrx_word' id='word_1_179' title='bbox 1969 3026 2324 3091; x_wconf 87' lang='lat' dir='ltr'>enormibus</span> <span class='ocrx_word' id='word_1_180' title='bbox 2357 3026 2794 3107; x_wconf 83' lang='lat' dir='ltr'>petitionibus3</span> <span class='ocrx_word' id='word_1_181' title='bbox 2835 3025 2984 3089; x_wconf 90' lang='lat' dir='ltr'>alie-</span> 
     </span>
     <span class='ocr_line' id='line_1_25' title="bbox 640 3128 2986 3212; baseline 0 -19"><span class='ocrx_word' id='word_1_182' title='bbox 640 3130 865 3211; x_wconf 87' lang='lat' dir='ltr'>nisque</span> <span class='ocrx_word' id='word_1_183' title='bbox 908 3128 987 3193; x_wconf 90' lang='lat' dir='ltr'>ab</span> <span class='ocrx_word' id='word_1_184' title='bbox 1034 3131 1203 3194; x_wconf 87' lang='lat' dir='ltr'>omni</span> <span class='ocrx_word' id='word_1_185' title='bbox 1253 3132 1575 3212; x_wconf 73' lang='lat' dir='ltr'>proposita</span> <span class='ocrx_word' id='word_1_186' title='bbox 1616 3130 1879 3195; x_wconf 87' lang='lat' dir='ltr'>materia</span> <span class='ocrx_word' id='word_1_187' title='bbox 1925 3134 1991 3193; x_wconf 86' lang='lat' dir='ltr'>et</span> <span class='ocrx_word' id='word_1_188' title='bbox 2031 3130 2422 3211; x_wconf 84' lang='lat' dir='ltr'>necessitate,</span> <span class='ocrx_word' id='word_1_189' title='bbox 2471 3148 2591 3211; x_wconf 91' lang='lat' dir='ltr'>que</span> <span class='ocrx_word' id='word_1_190' title='bbox 2634 3129 2754 3194; x_wconf 89' lang='lat' dir='ltr'>fuit</span> <span class='ocrx_word' id='word_1_191' title='bbox 2799 3134 2864 3193; x_wconf 89' lang='lat' dir='ltr'>et</span> <span class='ocrx_word' id='word_1_192' title='bbox 2889 3134 2986 3193; x_wconf 87' lang='lat' dir='ltr'>est</span> 
     </span>
     <span class='ocr_line' id='line_1_26' title="bbox 648 3231 2986 3315; baseline 0 -20"><span class='ocrx_word' id='word_1_193' title='bbox 648 3232 976 3296; x_wconf 83' lang='lat' dir='ltr'>dumtaxat</span> <span class='ocrx_word' id='word_1_194' title='bbox 1049 3234 1579 3298; x_wconf 87' lang='lat' dir='ltr'>emendandorum</span> <span class='ocrx_word' id='word_1_195' title='bbox 1652 3232 2022 3298; x_wconf 89' lang='lat' dir='ltr'>damnorum</span> <span class='ocrx_word' id='word_1_196' title='bbox 2100 3233 2394 3315; x_wconf 89' lang='lat' dir='ltr'>utrinque</span> <span class='ocrx_word' id='word_1_197' title='bbox 2469 3234 2634 3297; x_wconf 89' lang='lat' dir='ltr'>inter</span> <span class='ocrx_word' id='word_1_198' title='bbox 2703 3231 2986 3296; x_wconf 91' lang='lat' dir='ltr'>subditos</span> 
     </span>
     <span class='ocr_line' id='line_1_27' title="bbox 641 3333 2986 3418; baseline 0.001 -21"><span class='ocrx_word' id='word_1_199' title='bbox 641 3333 959 3398; x_wconf 89' lang='lat' dir='ltr'>illatorum</span> <span class='ocrx_word' id='word_1_200' title='bbox 1020 3340 1083 3398; x_wconf 86' lang='lat' dir='ltr'>et</span> <span class='ocrx_word' id='word_1_201' title='bbox 1124 3336 1292 3400; x_wconf 90' lang='lat' dir='ltr'>modi</span> <span class='ocrx_word' id='word_1_202' title='bbox 1350 3336 1687 3403; x_wconf 89' lang='lat' dir='ltr'>adhibendi</span> <span class='ocrx_word' id='word_1_203' title='bbox 1734 3341 1807 3401; x_wconf 91' lang='lat' dir='ltr'>ut</span> <span class='ocrx_word' id='word_1_204' title='bbox 1852 3337 2124 3418; x_wconf 87' lang='lat' dir='ltr'>quietius</span> <span class='ocrx_word' id='word_1_205' title='bbox 2169 3337 2398 3416; x_wconf 82' lang='lat' dir='ltr'>vivant,</span> <span class='ocrx_word' id='word_1_206' title='bbox 2447 3337 2784 3401; x_wconf 86' lang='lat' dir='ltr'>discessere</span> <span class='ocrx_word' id='word_1_207' title='bbox 2820 3334 2986 3399; x_wconf 90' lang='lat' dir='ltr'>omni</span> 
     </span>
     <span class='ocr_line' id='line_1_28' title="bbox 642 3435 2986 3519; baseline 0 -18"><span class='ocrx_word' id='word_1_208' title='bbox 642 3436 895 3519; x_wconf 88' lang='lat' dir='ltr'>penitus</span> <span class='ocrx_word' id='word_1_209' title='bbox 940 3435 1174 3500; x_wconf 85' lang='lat' dir='ltr'>infecta</span> <span class='ocrx_word' id='word_1_210' title='bbox 1217 3457 1327 3502; x_wconf 91' lang='lat' dir='ltr'>re:</span> <span class='ocrx_word' id='word_1_211' title='bbox 1394 3443 1459 3503; x_wconf 89' lang='lat' dir='ltr'>et</span> <span class='ocrx_word' id='word_1_212' title='bbox 1510 3444 1583 3503; x_wconf 91' lang='lat' dir='ltr'>ut</span> <span class='ocrx_word' id='word_1_213' title='bbox 1646 3438 2104 3517; x_wconf 85' lang='lat' dir='ltr'>absurditatem</span> <span class='ocrx_word' id='word_1_214' title='bbox 2148 3438 2520 3519; x_wconf 87' lang='lat' dir='ltr'>petitionum</span> <span class='ocrx_word' id='word_1_215' title='bbox 2571 3438 2986 3518; x_wconf 86' lang='lat' dir='ltr'>predictarum</span> 
     </span>
     <span class='ocr_line' id='line_1_29' title="bbox 642 3538 2985 3623; baseline 0.001 -20"><span class='ocrx_word' id='word_1_216' title='bbox 642 3538 1009 3620; x_wconf 88' lang='lat' dir='ltr'>intelligatis</span> <span class='ocrx_word' id='word_1_217' title='bbox 1069 3538 1319 3603; x_wconf 90' lang='lat' dir='ltr'>illarum</span> <span class='ocrx_word' id='word_1_218' title='bbox 1382 3541 1733 3622; x_wconf 86' lang='lat' dir='ltr'>exemplum</span> <span class='ocrx_word' id='word_1_219' title='bbox 1786 3540 1962 3606; x_wconf 78' lang='lat' dir='ltr'>vobis</span> <span class='ocrx_word' id='word_1_220' title='bbox 2013 3541 2317 3605; x_wconf 83' lang='lat' dir='ltr'>mittimus</span> <span class='ocrx_word' id='word_1_221' title='bbox 2359 3540 2752 3623; x_wconf 87' lang='lat' dir='ltr'>presentibus</span> <span class='ocrx_word' id='word_1_222' title='bbox 2785 3541 2985 3606; x_wconf 87' lang='lat' dir='ltr'>intro-</span> 
     </span>
    </p>
   </div>
   <div class='ocr_carea' id='block_1_4' title="bbox 537 3640 2987 3725">
    <p class='ocr_par' dir='ltr' id='par_1_5' title="bbox 537 3640 2987 3725">
     <span class='ocr_line' id='line_1_30' title="bbox 537 3640 2987 3725; baseline 0.002 -21"><span class='ocrx_word' id='word_1_223' title='bbox 537 3669 550 3685; x_wconf 92' lang='lat'><strong>·</strong></span> <span class='ocrx_word' id='word_1_224' title='bbox 634 3642 913 3705; x_wconf 84' lang='lat' dir='ltr'>clusum:</span> <span class='ocrx_word' id='word_1_225' title='bbox 961 3640 1093 3705; x_wconf 87' lang='lat' dir='ltr'>Nos</span> <span class='ocrx_word' id='word_1_226' title='bbox 1150 3648 1361 3707; x_wconf 90' lang='lat' dir='ltr'>autem</span> <span class='ocrx_word' id='word_1_227' title='bbox 1410 3650 1554 3725; x_wconf 88' lang='lat' dir='ltr'>post</span> <span class='ocrx_word' id='word_1_228' title='bbox 1594 3662 1807 3710; x_wconf 86' lang='lat' dir='ltr'>eorum</span> <span class='ocrx_word' id='word_1_229' title='bbox 1851 3645 2189 3709; x_wconf 89' lang='lat' dir='ltr'>discessum</span> <span class='ocrx_word' id='word_1_230' title='bbox 2238 3647 2520 3709; x_wconf 90' lang='lat' dir='ltr'>nostrum</span> <span class='ocrx_word' id='word_1_231' title='bbox 2563 3644 2987 3709; x_wconf 83' lang='lat' dir='ltr'>revocavimus</span> 
     </span>
    </p>
   </div>
   <div class='ocr_carea' id='block_1_5' title="bbox 636 3744 2990 4651">
    <p class='ocr_par' dir='ltr' id='par_1_6' title="bbox 636 3744 2990 4651">
     <span class='ocr_line' id='line_1_31' title="bbox 643 3744 2989 3830; baseline 0.001 -22"><span class='ocrx_word' id='word_1_232' title='bbox 643 3748 977 3823; x_wconf 87' lang='lat' dir='ltr'>oratorem,</span> <span class='ocrx_word' id='word_1_233' title='bbox 1047 3745 1155 3825; x_wconf 90' lang='lat' dir='ltr'>qui</span> <span class='ocrx_word' id='word_1_234' title='bbox 1218 3748 1336 3810; x_wconf 90' lang='lat' dir='ltr'>etsi</span> <span class='ocrx_word' id='word_1_235' title='bbox 1406 3746 1649 3812; x_wconf 83' lang='lat' dir='ltr'>iuvenis</span> <span class='ocrx_word' id='word_1_236' title='bbox 1710 3746 2043 3830; x_wconf 85' lang='lat' dir='ltr'>prudentia</span> <span class='ocrx_word' id='word_1_237' title='bbox 2103 3750 2314 3810; x_wconf 88' lang='lat' dir='ltr'>tamen</span> <span class='ocrx_word' id='word_1_238' title='bbox 2355 3744 2634 3827; x_wconf 84' lang='lat' dir='ltr'>preditus</span> <span class='ocrx_word' id='word_1_239' title='bbox 2678 3746 2885 3827; x_wconf 76' lang='lat' dir='ltr'>gravis</span> <span class='ocrx_word' id='word_1_240' title='bbox 2925 3750 2989 3810; x_wconf 91' lang='lat' dir='ltr'>et</span> 
     </span>
     <span class='ocr_line' id='line_1_32' title="bbox 644 3845 2990 3931; baseline 0.002 -22"><span class='ocrx_word' id='word_1_241' title='bbox 644 3845 805 3911; x_wconf 87' lang='lat' dir='ltr'>bene</span> <span class='ocrx_word' id='word_1_242' title='bbox 874 3851 1157 3911; x_wconf 87' lang='lat' dir='ltr'>moratus</span> <span class='ocrx_word' id='word_1_243' title='bbox 1221 3848 1449 3914; x_wconf 88' lang='lat' dir='ltr'>nobilis</span> <span class='ocrx_word' id='word_1_244' title='bbox 1517 3856 1631 3931; x_wconf 91' lang='lat' dir='ltr'>est,</span> <span class='ocrx_word' id='word_1_245' title='bbox 1704 3850 2055 3930; x_wconf 86' lang='lat' dir='ltr'>missusque</span> <span class='ocrx_word' id='word_1_246' title='bbox 2112 3866 2152 3911; x_wconf 89' lang='lat' dir='ltr'>a</span> <span class='ocrx_word' id='word_1_247' title='bbox 2206 3846 2386 3912; x_wconf 90' lang='lat' dir='ltr'>nobis</span> <span class='ocrx_word' id='word_1_248' title='bbox 2447 3848 2654 3912; x_wconf 88' lang='lat' dir='ltr'>animo</span> <span class='ocrx_word' id='word_1_249' title='bbox 2714 3853 2881 3913; x_wconf 87' lang='lat' dir='ltr'>certe</span> <span class='ocrx_word' id='word_1_250' title='bbox 2925 3854 2990 3913; x_wconf 90' lang='lat' dir='ltr'>et</span> 
     </span>
     <span class='ocr_line' id='line_1_33' title="bbox 644 3948 2989 4041; baseline 0.002 -30"><span class='ocrx_word' id='word_1_251' title='bbox 644 3948 998 4041; x_wconf 77' lang='lat' dir='ltr'>intentione</span> <span class='ocrx_word' id='word_1_252' title='bbox 1056 3950 1265 4014; x_wconf 87' lang='lat' dir='ltr'>omnia</span> <span class='ocrx_word' id='word_1_253' title='bbox 1330 3952 1591 4031; x_wconf 86' lang='lat' dir='ltr'>pacifice</span> <span class='ocrx_word' id='word_1_254' title='bbox 1644 3950 2050 4033; x_wconf 89' lang='lat' dir='ltr'>componendi</span> <span class='ocrx_word' id='word_1_255' title='bbox 2107 3953 2172 4014; x_wconf 93' lang='lat' dir='ltr'>et</span> <span class='ocrx_word' id='word_1_256' title='bbox 2213 3950 2470 4015; x_wconf 87' lang='lat' dir='ltr'>tollendi</span> <span class='ocrx_word' id='word_1_257' title='bbox 2507 3968 2747 4015; x_wconf 89' lang='lat' dir='ltr'>omnem</span> <span class='ocrx_word' id='word_1_258' title='bbox 2791 3956 2989 4015; x_wconf 88' lang='lat' dir='ltr'>mate-</span> 
     </span>
     <span class='ocr_line' id='line_1_34' title="bbox 644 4051 2988 4135; baseline 0.001 -20"><span class='ocrx_word' id='word_1_259' title='bbox 644 4051 804 4115; x_wconf 88' lang='lat' dir='ltr'>riam</span> <span class='ocrx_word' id='word_1_260' title='bbox 873 4051 1089 4131; x_wconf 88' lang='lat' dir='ltr'>rapine</span> <span class='ocrx_word' id='word_1_261' title='bbox 1154 4058 1220 4118; x_wconf 90' lang='lat' dir='ltr'>et</span> <span class='ocrx_word' id='word_1_262' title='bbox 1284 4055 1532 4120; x_wconf 88' lang='lat' dir='ltr'>discidii</span> <span class='ocrx_word' id='word_1_263' title='bbox 1594 4056 1763 4120; x_wconf 90' lang='lat' dir='ltr'>inter</span> <span class='ocrx_word' id='word_1_264' title='bbox 1814 4053 2098 4119; x_wconf 90' lang='lat' dir='ltr'>subditos</span> <span class='ocrx_word' id='word_1_265' title='bbox 2163 4053 2494 4135; x_wconf 86' lang='lat' dir='ltr'>utriusque</span> <span class='ocrx_word' id='word_1_266' title='bbox 2538 4058 2856 4119; x_wconf 89' lang='lat' dir='ltr'>nostrum:</span> <span class='ocrx_word' id='word_1_267' title='bbox 2903 4052 2988 4118; x_wconf 89' lang='lat' dir='ltr'>Et</span> 
     </span>
     <span class='ocr_line' id='line_1_35' title="bbox 636 4152 2988 4238; baseline 0.002 -22"><span class='ocrx_word' id='word_1_268' title='bbox 636 4152 921 4217; x_wconf 85' lang='lat' dir='ltr'>eiusdem</span> <span class='ocrx_word' id='word_1_269' title='bbox 976 4172 1189 4219; x_wconf 91' lang='lat' dir='ltr'>sumus</span> <span class='ocrx_word' id='word_1_270' title='bbox 1252 4159 1560 4238; x_wconf 89' lang='lat' dir='ltr'>propositi</span> <span class='ocrx_word' id='word_1_271' title='bbox 1607 4163 1672 4224; x_wconf 88' lang='lat' dir='ltr'>et</span> <span class='ocrx_word' id='word_1_272' title='bbox 1714 4156 2042 4235; x_wconf 86' lang='lat' dir='ltr'>desiderii3</span> <span class='ocrx_word' id='word_1_273' title='bbox 2103 4160 2168 4220; x_wconf 89' lang='lat' dir='ltr'>et</span> <span class='ocrx_word' id='word_1_274' title='bbox 2210 4156 2374 4221; x_wconf 91' lang='lat' dir='ltr'>sicut</span> <span class='ocrx_word' id='word_1_275' title='bbox 2408 4156 2583 4238; x_wconf 86' lang='lat' dir='ltr'>regia</span> <span class='ocrx_word' id='word_1_276' title='bbox 2625 4154 2988 4221; x_wconf 87' lang='lat' dir='ltr'>Sublimitas</span> 
     </span>
     <span class='ocr_line' id='line_1_36' title="bbox 644 4256 2984 4340; baseline 0.002 -21"><span class='ocrx_word' id='word_1_277' title='bbox 644 4274 883 4336; x_wconf 86' lang='lat' dir='ltr'>nosque</span> <span class='ocrx_word' id='word_1_278' title='bbox 947 4256 1285 4321; x_wconf 89' lang='lat' dir='ltr'>unitissimi</span> <span class='ocrx_word' id='word_1_279' title='bbox 1346 4276 1561 4325; x_wconf 90' lang='lat' dir='ltr'>sumus</span> <span class='ocrx_word' id='word_1_280' title='bbox 1603 4260 1668 4324; x_wconf 92' lang='lat' dir='ltr'>in</span> <span class='ocrx_word' id='word_1_281' title='bbox 1712 4260 1900 4325; x_wconf 89' lang='lat' dir='ltr'>rebus</span> <span class='ocrx_word' id='word_1_282' title='bbox 1942 4258 2230 4324; x_wconf 82' lang='lat' dir='ltr'>maximis</span> <span class='ocrx_word' id='word_1_283' title='bbox 2273 4262 2348 4323; x_wconf 89' lang='lat' dir='ltr'>ut</span> <span class='ocrx_word' id='word_1_284' title='bbox 2391 4257 2984 4340; x_wconf 86' lang='lat' dir='ltr'>importantissimis:</span> 
     </span>
     <span class='ocr_line' id='line_1_37' title="bbox 643 4358 2986 4443; baseline 0.002 -22"><span class='ocrx_word' id='word_1_285' title='bbox 643 4358 736 4421; x_wconf 88' lang='lat' dir='ltr'>ita</span> <span class='ocrx_word' id='word_1_286' title='bbox 777 4358 1109 4425; x_wconf 85' lang='lat' dir='ltr'>videantur</span> <span class='ocrx_word' id='word_1_287' title='bbox 1162 4365 1228 4426; x_wconf 87' lang='lat' dir='ltr'>et</span> <span class='ocrx_word' id='word_1_288' title='bbox 1272 4362 1403 4427; x_wconf 89' lang='lat' dir='ltr'>sint</span> <span class='ocrx_word' id='word_1_289' title='bbox 1446 4361 1683 4428; x_wconf 89' lang='lat' dir='ltr'>subditi</span> <span class='ocrx_word' id='word_1_290' title='bbox 1736 4363 1902 4428; x_wconf 90' lang='lat' dir='ltr'>inter</span> <span class='ocrx_word' id='word_1_291' title='bbox 1933 4382 2000 4429; x_wconf 87' lang='lat' dir='ltr'>se</span> <span class='ocrx_word' id='word_1_292' title='bbox 2046 4361 2266 4427; x_wconf 90' lang='lat' dir='ltr'>nostri.</span> <span class='ocrx_word' id='word_1_293' title='bbox 2353 4361 2441 4426; x_wconf 91' lang='lat' dir='ltr'>Et</span> <span class='ocrx_word' id='word_1_294' title='bbox 2482 4360 2758 4426; x_wconf 86' lang='lat' dir='ltr'>contenti</span> <span class='ocrx_word' id='word_1_295' title='bbox 2800 4378 2986 4443; x_wconf 86' lang='lat' dir='ltr'>para-</span> 
     </span>
     <span class='ocr_line' id='line_1_38' title="bbox 644 4459 2989 4546; baseline 0.002 -20"><span class='ocrx_word' id='word_1_296' title='bbox 644 4459 822 4541; x_wconf 85' lang='lat' dir='ltr'>tique</span> <span class='ocrx_word' id='word_1_297' title='bbox 870 4480 1084 4527; x_wconf 87' lang='lat' dir='ltr'>sumus</span> <span class='ocrx_word' id='word_1_298' title='bbox 1129 4463 1211 4527; x_wconf 89' lang='lat' dir='ltr'>ad</span> <span class='ocrx_word' id='word_1_299' title='bbox 1247 4469 1459 4546; x_wconf 88' lang='lat' dir='ltr'>partes</span> <span class='ocrx_word' id='word_1_300' title='bbox 1507 4465 1649 4530; x_wconf 91' lang='lat' dir='ltr'>illas</span> <span class='ocrx_word' id='word_1_301' title='bbox 1692 4466 1944 4530; x_wconf 88' lang='lat' dir='ltr'>mittere</span> <span class='ocrx_word' id='word_1_302' title='bbox 1990 4472 2304 4530; x_wconf 89' lang='lat' dir='ltr'>oratorem</span> <span class='ocrx_word' id='word_1_303' title='bbox 2355 4470 2656 4544; x_wconf 87' lang='lat' dir='ltr'>nostrum,</span> <span class='ocrx_word' id='word_1_304' title='bbox 2710 4462 2818 4545; x_wconf 93' lang='lat' dir='ltr'>qui</span> <span class='ocrx_word' id='word_1_305' title='bbox 2860 4482 2989 4530; x_wconf 86' lang='lat' dir='ltr'>una</span> 
     </span>
     <span class='ocr_line' id='line_1_39' title="bbox 646 4565 2990 4651; baseline 0.002 -22"><span class='ocrx_word' id='word_1_306' title='bbox 646 4581 787 4629; x_wconf 92' lang='lat' dir='ltr'>cum</span> <span class='ocrx_word' id='word_1_307' title='bbox 853 4566 1088 4631; x_wconf 85' lang='lat' dir='ltr'>nostris</span> <span class='ocrx_word' id='word_1_308' title='bbox 1154 4565 1505 4633; x_wconf 85' lang='lat' dir='ltr'>rectoribus</span> <span class='ocrx_word' id='word_1_309' title='bbox 1568 4568 1635 4633; x_wconf 90' lang='lat' dir='ltr'>in</span> <span class='ocrx_word' id='word_1_310' title='bbox 1699 4585 1962 4651; x_wconf 89' lang='lat' dir='ltr'>quorum</span> <span class='ocrx_word' id='word_1_311' title='bbox 2035 4567 2375 4634; x_wconf 88' lang='lat' dir='ltr'>ditionibus</span> <span class='ocrx_word' id='word_1_312' title='bbox 2447 4566 2772 4634; x_wconf 87' lang='lat' dir='ltr'>commisse</span> <span class='ocrx_word' id='word_1_313' title='bbox 2840 4572 2990 4633; x_wconf 87' lang='lat' dir='ltr'>sunt</span> 
     </span>
    </p>
   </div>
  </div>
 </body>
</html>
