3793 5187
1844 429 1927 500 ⁷1

714 653 855 701 cum
896 635 1187 719 personis
1232 635 1475 716 viginti,
1518 636 1575 701 si
1617 636 1823 701 dictus
1866 636 2458 703 Reverendissimus
2501 637 2788 703 dominus
2823 633 3045 704 Cardi-

713 737 879 804 nalis
920 736 1097 803 volet
1133 736 1363 818 deponi
1406 737 1470 800 in
1512 736 1838 817 Mothono,
1901 739 2109 820 ipsum
2152 739 2216 803 in
2260 757 2334 804 eo
2381 738 2523 804 loco
2571 739 2890 820 deponere
2936 739 3046 804 de-

714 838 889 919 beas,
937 844 1007 904 et
1046 856 1127 903 ex
1167 838 1336 903 dicto
1382 838 1524 904 loco
1566 837 1871 918 Mothoni,
1918 839 2149 919 subito,
2188 844 2525 922 postquam
2553 840 2636 905 ad
2669 858 2812 904 eum
2843 839 3045 921 appli-

718 940 941 1018 cueriS,
988 939 1172 1004 mitte
1215 938 1649 1022 Regiminibus
1693 939 2108 1022 Nigropontis
2153 945 2221 1005 et
2257 940 2562 1022 Neapolis
2597 940 2904 1005 Romanie
2931 958 3048 1020 per

712 1044 953 1105 terram
984 1041 1177 1105 aliam
1216 1058 1469 1106 manum
1510 1040 1841 1106 literarum
1886 1046 2248 1108 nostrarum
2291 1043 2383 1106 eis
2425 1040 2926 1119 dirrectivarum,
2961 1059 3046 1126 ac

716 1141 809 1207 eis
853 1141 1059 1207 scribe
1104 1141 1296 1206 etiam
1341 1146 1414 1206 ut
1454 1139 1680 1206 feceris
1727 1160 1804 1207 ex
1853 1141 2150 1225 Gorphoy
2192 1161 2310 1224 pro
2357 1152 2747 1208 armamento
2791 1141 3047 1209 suar‘um

716 1241 1059 1324 galearum,
1128 1242 1223 1308 ita
1281 1243 1452 1323 quod
1504 1243 1569 1308 in
1618 1243 1889 1326 appulsu
1933 1249 2044 1310 tuo
2091 1244 2508 1326 Nigropontis
2561 1244 2746 1309 ambe
2790 1245 2919 1309 sint
2959 1245 3049 1310 ibi

717 1344 784 1409 in
828 1343 1071 1409 ordine.

913 1445 1002 1510 Et
1041 1444 1099 1510 si
1140 1461 1341 1525 usque
1384 1445 1469 1510 ad
1514 1445 1846 1527 appulsum
1887 1450 2068 1511 tuum
2111 1445 2486 1512 Mothonum
2518 1465 2644 1512 non
2673 1447 3045 1529 reperiisses

714 1547 859 1614 illas
903 1547 1061 1612 duas
1108 1547 1325 1628 galeas
1372 1563 1529 1627 quas
1576 1547 1870 1614 iussimus
1918 1549 1983 1613 in
2029 1547 2222 1613 Creta
2252 1549 2508 1627 armari,
2554 1548 2790 1614 debeas
2833 1549 3044 1614 subito

716 1649 971 1715 mittere
1012 1665 1203 1712 unam
1243 1667 1321 1712 ex
1363 1646 1463 1712 his
1504 1648 1709 1713 tribus
1776 1648 1976 1729 galeis
2037 1667 2239 1730 usque
2292 1652 2356 1713 in
2398 1649 2650 1714 Cretam
2689 1649 2772 1714 ad
2819 1667 3047 1731 reppe-

716 1749 1004 1815 riendum
1043 1767 1153 1814 eas
1189 1748 1407 1831 galeas
1441 1754 1507 1814 et
1535 1749 1995 1829 solicitandum,
2043 1749 2214 1830 quod
2245 1755 2485 1831 quanto
2531 1751 2716 1816 citius
2746 1752 3048 1833 possibile

716 1853 818 1931 sit,
863 1851 1144 1931 veniant,
1192 1851 1277 1916 ad
1321 1851 1809 1933 repperiendum
1850 1855 1936 1917 te.

914 1953 1153 2019 Verum
1216 1953 1272 2018 si
1334 1959 1714 2032 occurreret,
1780 1953 1954 2033 quod
2019 1957 2168 2018 ante
2226 1958 2399 2018 tuam
2455 1953 2922 2034 expeditionem
2968 1954 3047 2019 de

716 2054 1041 2134 Mothono,
1110 2053 1291 2136 galee
1343 2058 1562 2120 nostre
1602 2053 1831 2119 Baruti
1875 2054 1979 2118 vel
2022 2072 2218 2120 naves
2264 2054 2447 2134 Sirie,
2513 2054 2772 2135 aliquod
2813 2055 3048 2136 impor-

715 2161 861 2222 tans
903 2156 1199 2221 damnum
1238 2156 1649 2237 recepissent,
1694 2156 1865 2236 quod
1899 2155 2076 2220 Deus
2107 2159 2376 2234 avertat,
2418 2156 2706 2221 volumus
2749 2162 2822 2221 ut
2864 2156 3046 2222 nobis

716 2257 999 2323 scribere
1045 2257 1281 2324 debeas
1336 2275 1455 2339 per
1498 2275 1689 2338 quam
1733 2258 2100 2324 celeriorem
2139 2263 2205 2323 et
2247 2258 2604 2324 breviorem
2650 2259 2817 2324 viam
2858 2262 3042 2340 pote-

716 2359 825 2438 ris,
889 2363 957 2424 et
996 2377 1123 2425 non
1164 2359 1363 2425 vadas
1415 2359 1898 2442 Nigropontem,
1965 2365 2030 2426 et
2091 2359 2518 2426 cohadiuvare
2574 2361 2834 2426 studeas
2876 2360 3048 2442 apud

720 2466 787 2526 te
830 2479 1047 2528 omnes
1092 2461 1305 2544 galeas
1349 2462 1833 2544 suprascriptas,
1893 2462 1984 2527 Et
2025 2461 2082 2528 si
2122 2461 2366 2528 videbis
2421 2481 2613 2544 posse
2657 2481 2798 2529 cum
2839 2467 3045 2545 parte,

716 2567 831 2629 aut
871 2563 1161 2629 omnibus
1230 2564 1419 2631 dictis
1482 2565 1685 2647 galeis
1748 2565 2042 2631 damnum
2110 2564 2327 2633 datum
2387 2581 2768 2647 recuperare
2827 2568 3048 2631 contra

714 2663 859 2731 illos
904 2664 1013 2745 qui
1059 2664 1583 2745 damnificassent,
1628 2666 1841 2733 facere
1901 2666 2157 2747 debeaS,
2221 2673 2297 2733 ut
2355 2668 2608 2734 noveris
2665 2666 2891 2733 honori
2935 2684 3049 2731 no-

718 2769 853 2832 stro
902 2767 1258 2845 convenire,
1296 2766 1586 2833 habendo
1628 2772 1843 2835 tamen
1886 2786 2138 2851 semper
2181 2768 2644 2834 advertentiam
2687 2768 2771 2833 ad
2812 2767 3048 2835 securi·

718 2870 916 2933 tatem
962 2867 1288 2950 galearum
1329 2868 1447 2935 tibi
1492 2870 1986 2937 commissarum.

918 2968 987 3035 Si
1030 2988 1182 3036 vero
1227 2988 1429 3051 usque
1492 2970 1575 3036 ad
1623 2972 2089 3054 expeditionem
2161 2977 2336 3039 tuam
2402 2972 2481 3038 de
2536 2969 2862 3051 Mothono,
2917 2988 3044 3037 non

717 3071 991 3137 senseris
1060 3072 1397 3152 quicquam
1460 3074 1733 3153 adversi,
1801 3073 1971 3155 quod
2041 3074 2394 3156 importans
2438 3073 2524 3139 sit
2565 3073 2766 3155 galeis
2803 3074 3051 3152 Baruti,

716 3177 830 3239 aut
870 3173 1137 3239 navibus
1178 3172 1341 3239 Sirie
1386 3175 1691 3255 evenisse,
1760 3176 1944 3256 sequi
1997 3175 2233 3241 debeas
2277 3177 2402 3241 iter
2449 3180 2628 3241 tuum
2667 3192 2890 3240 versus
2935 3172 3049 3238 Ni-

722 3279 1119 3356 gropontem,
1186 3281 1254 3340 et
1301 3276 1368 3340 in
1421 3294 1497 3341 eo
1540 3276 1679 3342 loco
1724 3277 1986 3342 studeas
2029 3278 2336 3343 reducere
2381 3282 2448 3342 et
2491 3275 2816 3341 adhunare
2850 3292 3048 3358 penes

718 3382 803 3455 te,
849 3376 1065 3458 galeas
1127 3376 1333 3457 Crete,
1394 3378 1566 3443 illam
1631 3377 1944 3461 Gorphoy,
2005 3379 2177 3443 illam
2233 3378 2535 3460 Neapolis
2595 3376 2918 3455 Romanie,
2986 3379 3054 3441 et

716 3476 889 3543 illam
917 3476 1353 3559 Nigropontis‚
1401 3484 1467 3544 et
1508 3479 1597 3545 ibi
1627 3480 1953 3561 repperies
1981 3480 2348 3546 mandatum
2379 3484 2666 3544 nostrum
2697 3478 2868 3558 quod
2898 3496 3046 3543 exe-

720 3579 831 3659 qui
874 3579 1241 3645 solicitabis.
1979 3582 1989 3589 “

913 3680 1152 3746 Verum
1208 3681 1359 3762 quia
1413 3700 1551 3747 cum
1612 3682 1797 3748 dictis
1842 3683 2041 3765 galeis
2085 3684 2258 3749 venit
2303 3680 2790 3763 circumspectus
2837 3699 3049 3747 secre-

718 3781 917 3847 tarius
962 3787 1179 3847 noster
1225 3781 1538 3849 Iohannes
1583 3783 1663 3849 de
1707 3784 2158 3867 ReguardatiS,
2203 3802 2388 3865 quem
2428 3784 2734 3850 mittimus
2781 3784 2862 3847 ad
2902 3802 3040 3863 pre·

718 3883 987 3948 sentiam
1032 3882 1432 3949 Serenissimi
1476 3885 1708 3951 domini
1752 3886 1947 3968 Regis
1978 3887 2243 3952 Polonie
2272 3891 2340 3951 et
2365 3884 2711 3968 Hungarie‚
2759 3884 3048 3950 volumus

716 3989 792 4050 ut
832 4002 975 4050 eum
1020 3984 1285 4051 conduci
1347 3984 1543 4051 facias
1608 3986 1955 4069 Ragusium
1998 3988 2133 4053 sive
2175 4005 2396 4053 versus
2441 3986 2795 4065 Scutarum,
2859 3990 3052 4068 prout

720 4090 973 4167 sumpta
1014 4083 1474 4167 informatione,
1518 4087 1914 4155 deliberabit.

1021 4186 1123 4251 De
1164 4192 1351 4268 parte
1394 4192 1494 4254 27.

1088 4286 1229 4363 (Iba.
1254 4306 1299 4346 0.
1326 4290 1443 4361 62).
