3793 5187
1843 624 1967 692 182

739 895 747 902 .
918 831 1018 899 De
1059 830 1413 899 comitibus
1458 829 1752 901 Crovatie
1793 834 1942 898 sunt
1988 829 2262 898 Comites
2303 830 2399 896 illi
2441 829 2605 898 sicut
2647 832 3065 916 Imperatoria

718 935 1039 1002 Celsitudo
1105 952 1234 1000 non
1293 933 1495 1000 latere
1559 931 1943 998 arbitramur
1984 931 2221 999 subditi
2265 935 2439 1016 regie
2482 933 2839 1002 Maiestatis
2882 934 3065 1002 Hun-

712 1038 905 1122 garie‚
941 1043 1009 1103 et
1049 1036 1289 1104 nullam
1332 1034 1513 1102 nobis
1553 1033 1796 1102 faciunt
1839 1041 1953 1101 aut
1996 1034 2233 1102 habent
2274 1034 2752 1104 subiectionem:
2803 1037 2927 1104 Sed
2969 1039 3067 1104 ni-

713 1139 1050 1206 hilominus
1094 1138 1332 1206 intuitu
1374 1137 1785 1219 Imperatoria
1837 1137 2199 1205 Maiestatis
2245 1141 2311 1205 et
2353 1139 2447 1205 rei
2487 1139 2830 1206 christiane
2872 1159 3066 1207 causa

713 1243 924 1325 parati
965 1259 1182 1308 sumus
1233 1259 1482 1307 omnem
1525 1243 1807 1306 nostram
1852 1240 2257 1323 interponere
2298 1259 2575 1323 operam,
2633 1242 2875 1308 hortari
2918 1260 3066 1309 sua-

711 1347 885 1426 dere,
933 1350 1000 1416 et
1043 1344 1253 1412 omnia
1289 1344 1492 1412 iacere
1535 1363 1658 1428 que
1701 1345 2141 1410 convenienter
2181 1343 2398 1410 facere
2438 1345 2738 1427 valemus,
2783 1351 2857 1412 ut
2900 1347 3066 1412 inter

713 1448 1086 1517 christianos
1113 1449 1459 1528 desistatur
1485 1466 1526 1512 a
1556 1445 1790 1513 mutuis
1820 1447 2179 1514 vulneribus
2210 1452 2277 1515 et
2304 1447 2775 1530 offensionibus,
2808 1451 3077 1532 quando-

713 1551 796 1618 ab
825 1549 1114 1619 hostibus
1154 1549 1393 1617 inflicta
1433 1549 1682 1616 assidue
1723 1549 1986 1616 vulnera
2029 1548 2316 1616 sufficere
2356 1556 2623 1634 possunt
2666 1552 2749 1617 ad
2786 1553 3065 1618 omnium

712 1655 952 1722 cladem
995 1660 1062 1720 et
1105 1653 1550 1720 calamitatem.

912 1757 1010 1826 De
1052 1754 1422 1823 differentiis
1485 1751 1881 1820 subditorum
1953 1753 2366 1836 Imperatorie
2435 1753 2868 1822 Sublimitatis'
2915 1774 3061 1823 cum

707 1861 942 1928 nostris
983 1857 1272 1938 subditiS,
1318 1855 1528 1938 cupidi
1573 1874 1815 1938 semper
1858 1855 2093 1922 fuimus
2137 1861 2205 1924 et
2248 1855 2521 1923 studiosi
2560 1861 2635 1922 ut
2670 1857 2908 1940 ubique
2941 1859 3063 1924 tol-

709 1964 993 2028 lerentur
1033 1963 1101 2026 et
1143 1962 1692 2040 componerentur;
1738 1963 1802 2024 et
1843 1958 2057 2041 plures
2100 1959 2387 2025 misimus
2447 1963 2735 2026 oratores
2782 1965 2849 2026 et
2890 1978 3057 2026 com·

709 2064 1036 2147 positorea
1103 2067 1169 2129 et
1233 2079 1450 2128 sumus
1511 2062 1806 2128 mittendi
1849 2068 1923 2128 ut
1964 2062 2176 2129 omnia
2218 2068 2593 2129 remaneant
2640 2064 2707 2129 in
2749 2064 3059 2147 presenti-

707 2169 826 2234 bus
870 2166 1155 2234 terminis
1200 2172 1267 2232 et
1309 2165 1716 2248 suspensione
1756 2168 1919 2231 citra
1961 2183 2213 2232 omnem
2255 2167 2604 2234 novitatem
2650 2171 2717 2233 et
2754 2164 3063 2232 turbatio-

707 2289 850 2338 nem
917 2269 1055 2336 sine
1113 2268 1451 2353 preiuditio
1514 2266 1748 2334 iurium
1797 2269 2073 2350 partium
2116 2273 2182 2334 et
2222 2268 2554 2352 utriusque
2595 2286 2811 2335 earum
2854 2268 3054 2334 donec

706 2371 1120 2456 Imperatoria
1158 2372 1299 2454 ipsa
1342 2369 1643 2436 Maiestas
1691 2386 1839 2437 suos
1875 2370 2093 2436 mittat
2138 2372 2607 2453 compositorea
2674 2377 2740 2438 et
2782 2390 2898 2438 nos
2943 2391 3071 2436 nu·-

708 2480 874 2541 stros
914 2475 1236 2542 mittemus
1295 2477 1372 2540 ut
1430 2474 1640 2539 omnia
1688 2479 2010 2556 aptentur,
2055 2477 2121 2540 et
2163 2479 2645 2556 componantur:
2715 2476 3055 2557 vivantque

707 2596 1000 2646 comunes
1069 2575 1305 2643 subditi
1354 2575 1523 2643 inter
1563 2593 1635 2641 se
1671 2575 1888 2642 eadem
1935 2574 2357 2643 benivolentia
2398 2581 2464 2644 et
2505 2575 2862 2660 dilectione,
2926 2597 3054 2659 qua

707 2698 824 2747 nos
865 2680 1281 2763 Imperatoria
1320 2676 1628 2744 Maiestas
1670 2678 2089 2761 prosequitur,
2140 2683 2208 2744 et
2252 2696 2369 2745 nos
2405 2679 2883 2763 Imperatoriam
2914 2678 3057 2745 Cel-

706 2784 1049 2851 situdinem
1093 2782 1354 2849 colimus
1397 2787 1464 2849 et
1507 2800 1901 2850 veneramur.

955 2903 1056 2969 De
1098 2908 1282 2985 parte
1395 2905 1540 2969 147.

954 3005 1054 3071 De
1095 3022 1221 3071 non
1485 3006 1542 3069 1.

954 3106 1100 3175 Non
1142 3105 1374 3173 sinceri
1485 3110 1541 3171 1.

1015 3242 1281 3312 (Archivc'o
1315 3240 1376 3295 ds·
1406 3240 1561 3295 Scato
1595 3240 1652 3295 in
1696 3238 1958 3308 Venetia).

775 3325 1214 3387 Delibat-azioni
1256 3326 1473 3383 Senatu
1509 3322 1755 3391 Socrati,
1789 3340 1901 3395 reg.
1934 3323 2005 3379 27
2041 3340 2089 3379 c.
2126 3324 2247 3381 125.

1625 3496 1795 3513 WN

1657 3632 2118 3709 LXXVIII.

1072 3788 1533 3861 ΜοῦοῦιΧΧνΙ.
1575 3786 1671 3856 die
1707 3788 1844 3857 ΧΧΙ.
1885 3786 2137 3855 ianuarii
2181 3790 2373 3864 (more
2411 3786 2677 3865 veneto).

983 3976 1123 4046 Ser.
1167 3976 1450 4044 Antonio
1493 3975 1742 4043 victuri
1784 3974 1974 4041 militi
2015 3974 2259 4040 oratori
2300 3974 2368 4041 in
2409 3974 2759 4058 Hungaria.

908 4116 1093 4185 Nunc
1133 4134 1302 4183 nunc
1335 4120 1580 4183 vestras
1607 4114 1963 4197 accepimus
2008 4112 2227 4181 literas
2268 4110 2514 4180 dierum
2559 4110 2710 4193 1111,
2744 4110 2803 4179 V
2834 4117 2902 4178 et
2931 4110 3060 4178 VII

703 4220 1018 4303 muniis,
1077 4217 1306 4304 quibus
1350 4217 1561 4285 omnia
1621 4216 1802 4285 nobis
1865 4215 2238 4298 denotastis,
2307 4234 2431 4300 que
2480 4214 2771 4282 accidere
2811 4218 2944 4283 tam
2983 4214 3060 4280 in

699 4322 990 4407 partibus
1023 4318 1421 4389 inferioribus
1459 4320 1540 4387 de
1580 4319 2001 4389 formidoloso
2041 4324 2223 4387 mot-u
2269 4318 2477 4401 Turci,
2527 4336 2720 4402 quam
2778 4318 2847 4383 in
2904 4336 3051 4402 par·

701 4424 874 4493 tibus
919 4422 1118 4493 Slesie
1157 4424 1238 4493 de
1280 4421 1558 4491 nactura
1598 4421 1888 4491 induciat
1902 4441 2026 4497 um,
2094 4439 2218 4504 que
2260 4420 2472 4489 omnia
2513 4419 2900 4488 alienissima
2940 4438 3051 4485 no-

703 4524 801 4593 bis
843 4526 981 4593 visa
1022 4531 1171 4594 sunt
1209 4524 1292 4593 ab
1335 4522 1614 4593 utilitate
1654 4542 1866 4592 rerum
1908 4523 2393 4593 christianarum
2420 4522 2550 4589 imo
2583 4520 2941 4607 periculosa
2984 4524 3053 4588 et
