3793 5187
1751 606 1873 671 191

633 809 1154 878 -exbursationem
1193 809 1273 875 de
1314 809 1605 891 presenti
1662 810 1941 894 predicte
1994 810 2386 894 quantitatis,
2446 811 2877 892 mittendoque
2918 811 2993 878 il-

635 913 777 980 lius
819 914 901 979 ad
945 913 1214 979 eundem
1242 911 1628 996 Vayvodam:
1672 911 1762 978 Et
1804 913 1858 979 si
1902 913 1995 980 ita
2024 913 2341 981 Sanctitas
2382 913 2521 997 ipsa
2561 913 2778 981 fecerit
2806 912 2993 981 breve

651 1015 1001 1102 predictum
1061 1014 1143 1080 ad
1204 1031 1320 1080 nos
1364 1015 1602 1081 mittite
1662 1017 1828 1098 quod
1885 1017 2193 1083 advertite
2250 1020 2324 1082 ut
2382 1016 2670 1083 videatur
2724 1035 2764 1084 a
2818 1035 2993 1084 mera

647 1117 972 1185 Pontificis
1015 1121 1225 1184 mente
1265 1121 1333 1184 et
1373 1117 1700 1185 voluntate
1737 1135 1864 1185 non
1907 1118 1987 1185 ab
2029 1136 2220 1201 opera
2255 1121 2631 1200 processisse
2672 1125 2905 1187 nostra.

852 1221 989 1288 Has
1031 1225 1246 1287 autem
1300 1219 1632 1286 distinctas
1690 1221 1770 1287 ab
1827 1221 1969 1287 aliis
2024 1221 2226 1288 literis
2278 1221 2454 1289 vobis
2518 1223 2880 1307 scripsimus
2920 1227 2993 1289 ut

648 1325 793 1392 illas
835 1324 1165 1391 ostendere
1207 1323 1261 1388 si
1309 1321 1503 1388 fuerit
1559 1341 1715 1406 opus
1773 1323 2055 1399 valeatis,
2116 1327 2182 1390 et
2240 1323 2593 1392 liberiorem
2648 1323 2856 1391 facere
2898 1326 2993 1390 in-

635 1428 969 1507 stantiam,
1044 1427 1212 1509 quod
1256 1425 1548 1492 Summus
1605 1425 1888 1508 pontifex
1947 1426 2274 1509 provideat
2318 1427 2451 1511 ipse
2494 1429 2575 1494 de
2618 1428 2896 1510 pecuniis
2938 1429 2994 1494 si

649 1530 787 1597 fieri
829 1530 1082 1614 poterit.
1175 1529 1340 1594 Istas
1399 1533 1613 1594 autem
1667 1529 1833 1612 apud
1891 1546 2003 1595 vos
2061 1531 2362 1596 teneatis:
2428 1529 2516 1595 Et
2557 1529 2809 1596 tandem
2864 1549 2993 1598 non

647 1633 958 1717 possendo
1000 1632 1377 1715 persuadere
1405 1636 1479 1696 ut
1509 1631 1800 1698 Summus
1843 1630 2123 1715 pontifex
2156 1631 2637 1699 contributionis
2681 1633 2993 1714 predictas

641 1737 946 1820 pecunias
983 1735 1200 1800 mittat
1243 1735 1322 1800 de
1365 1735 1495 1800 suis
1543 1736 1883 1819 prudenter
1927 1743 1993 1803 et
2035 1741 2217 1803 caute
2244 1735 2564 1818 negotium
2613 1735 2899 1818 dirigatis
2927 1741 2994 1802 et

648 1837 1008 1922 gubernetis
1051 1839 1132 1904 ad
1175 1837 1568 1904 effectualem
1613 1838 2029 1921 provisionem
2076 1843 2142 1905 et
2184 1838 2543 1905 missionem
2598 1837 2677 1904 de
2720 1839 2994 1923 presenti

647 1941 1005 2007 huiusmodi
1049 1941 1452 2022 pecuniarum
1502 1960 1613 2023 per
1650 1943 1903 2008 modum
1944 1941 2392 2023 supradictum.

851 2043 950 2108 De
989 2047 1173 2125 parte
1216 2045 1491 2110 52-54.

959 2196 1076 2263 Ser
1121 2197 1508 2264 Franciscus'
1538 2197 1799 2278 Sanum,
1849 2197 2259 2264 consiliarius

959 2299 1075 2365 Ser
1117 2298 1389 2366 Ioannes
1430 2298 1797 2378 Iustinian0,
1841 2299 2251 2366 Consiliarius

955 2401 1072 2468 Ser
1109 2401 1482 2468 Franciscus
1523 2401 1726 2468 Diedo
1769 2403 2007 2483 doctor,
2052 2402 2317 2486 Sapiens
2364 2408 2529 2469 terre
2570 2401 2747 2468 firme

852 2504 1092 2571 Volunt
1133 2505 1402 2586 primam
1446 2509 1689 2588 partem
1728 2505 2083 2571 litterarum
2126 2506 2454 2571 dumtaxat
2496 2504 2632 2570 sine
2674 2503 2997 2570 additione

647 2608 915 2691 capituli
986 2608 1118 2673 sive
1187 2608 1549 2674 litterarum
1615 2614 2050 2692 separatarum
2102 2609 2484 2673 mentionem
2552 2608 2874 2691 agentium
2916 2608 2996 2673 de

647 2711 860 2777 danda
901 2729 1018 2794 per
1059 2728 1174 2776 nos
1216 2710 1696 2777 subventionem
1739 2712 2307 2794 suprascriptorum
2353 2710 2721 2777 ducatorum
2750 2709 2881 2777 Xm.
2919 2729 2997 2776 ex

641 2819 876 2881 nostra
917 2814 1202 2896 portione
1243 2814 1743 2880 contributionis.

896 2915 997 2982 De
1040 2921 1224 2998 parte
1394 2916 1668 2982 64—71.

893 3019 989 3083 De
1026 3037 1152 3083 non
1392 3022 1491 3083 11.

894 3120 1039 3187 Non
1085 3121 1313 3187 sinceri
1427 3125 1658 3187 6-11,

952 3256 1218 3325 (Arclzt’ve‘o
1253 3256 1312 3310 di
1345 3254 1498 3310 Scato
1533 3257 1586 3309 in
1631 3256 1884 3321 Venczia).

719 3340 1146 3397 Deliberazioni
1183 3340 1401 3397 Senato
1438 3340 1674 3408 Secreti,
1707 3357 1822 3412 reg.
1857 3340 1925 3395 28
1964 3358 2011 3395 c.
2049 3342 2095 3395 1.

1615 3650 2035 3725 LXXXII.

1277 3803 1758 3872 mcccctxxvn.
1801 3804 1896 3871 die
1942 3804 2115 3871 xvm.
2162 3804 2371 3871 martii.

824 3974 1048 4040 Ioanni
1090 3973 1384 4056 Baptiste
1430 3972 1756 4039 Trivisano
1789 3972 2142 4040 Secretario
2182 3978 2398 4041 nostro
2442 3974 2510 4039 in
2546 3973 2823 4041 Polonia.

862 4110 1132 4177 Ioannes
1169 4109 1483 4193 Baptista.
1529 4110 1851 4177 Postremo
1896 4128 2053 4193 quas
2096 4131 2135 4178 a
2174 4116 2239 4176 te
2284 4112 2635 4193 accepimus
2676 4116 2823 4176 sunt
2865 4111 2998 4176 die-

646 4234 786 4280 rum
817 4213 1028 4281 ultimi
1057 4212 1427 4281 Decembris
1463 4212 1601 4279 Xmi.
1635 4217 1699 4279 et
1723 4212 1921 4279 XXmi.
1957 4214 2233 4280 Ianuarii
2275 4213 2503 4280 allatas
2531 4232 2644 4297 per
2672 4212 2997 4279 Tibaldum

650 4316 1060 4383 tabellarium
1114 4323 1179 4383 et
1243 4317 1452 4384 omnia
1512 4318 1911 4401 cognovimus
1972 4336 2094 4399 que
2149 4318 2451 4401 scripsisti
2516 4322 2647 4382 tam
2711 4316 2789 4382 de
2850 4316 2999 4400 fuga

651 4438 692 4486 a
737 4420 1019 4487 Tartaris
1063 4426 1128 4487 et
1171 4422 1380 4487 reditu
1423 4420 1506 4486 ad
1550 4424 1615 4485 te
1660 4438 1791 4501 su0‚
1840 4412 2117 4487 Dimitrii
2175 4440 2262 4488 nu
2338 4422 2373 4435 ‘'
2423 4438 2609 4502 quem
2671 4419 2755 4484 ad
2798 4418 2999 4501 Impe-

649 4528 930 4591 ratorem
976 4522 1276 4591 mittebas
1320 4527 1385 4590 et
1428 4522 1678 4591 illarum
1718 4542 1927 4590 rerum
1969 4523 2228 4591 variatis
2276 4521 2752 4604 condit-ionibus,
2809 4539 2998 4603 quam
