3793 5187
1894 649 2019 712 162

786 857 852 918 et
888 869 1100 918 rerum
1134 851 1385 917 illarum
1430 856 1603 916 statu
1638 857 1702 916 et
1748 851 2212 918 conditionibus
2257 851 2575 932 ingratum
2619 849 2751 916 fore
2795 851 2968 934 regie
2998 851 3137 916 Ma-

790 955 1009 1019 iestati
1038 955 1299 1020 Polonie
1333 973 1473 1020 cum
1513 952 1684 1019 nullo
1716 973 1930 1019 rerum
1962 954 2450 1019 christianarum
2479 951 2688 1019 fructu
2714 957 2828 1017 aut
2856 955 3138 1034 comod0,

788 1075 1054 1137 quarum
1100 1059 1431 1122 dumtaxat
1498 1074 1693 1122 causa
1762 1062 2088 1121 oratorem
2152 1057 2358 1137 ipsum
2417 1057 2788 1120 miseramus
2848 1061 2914 1121 et
2965 1060 3138 1121 tene-

794 1157 1019 1222 bamus
1064 1159 1129 1222 in
1173 1158 1519 1238 Hungaria.
1578 1159 1859 1240 Accepto
1905 1159 2104 1240 igitur
2145 1158 2367 1223 nuntio
2413 1157 2818 1240 profectionis
2869 1157 3140 1222 oratoris

788 1261 993 1324 nostri
1020 1260 1291 1342 predicti
1323 1261 1386 1324 in
1426 1258 1689 1326 Slesiam
1718 1281 1751 1326 e
1772 1261 2043 1341 vestigio
2081 1260 2173 1324 illi
2195 1261 2656 1342 imperavimuS,
2687 1266 2760 1325 ut
2789 1261 2870 1324 ad
2899 1261 3142 1342 regiam

796 1361 1197 1428 Maiestatem
1241 1362 1497 1426 Polonie
1544 1363 1917 1440 accederet,
1962 1364 2146 1444 eique
2192 1363 2556 1428 declararet
2615 1361 2735 1427 hec
2783 1363 3024 1442 omnia,
3076 1368 3142 1427 et

802 1469 1081 1528 nostram
1140 1466 1439 1546 optimam
1506 1483 1659 1547 erga
1716 1484 1785 1530 se
1846 1465 2264 1530 intentionem
2324 1469 2388 1528 et
2443 1469 2742 1542 mentem,
2789 1464 3142 1529 declararet

789 1567 981 1630 etiam
1044 1585 1349 1632 summam
1404 1567 1775 1632 ducatorum
1824 1567 2012 1632 XVM
2055 1568 2246 1649 paulo
2297 1573 2443 1632 ante
2508 1567 2800 1632 datorum
2862 1585 2976 1648 per
3023 1585 3137 1630 nos

792 1667 1207 1732 Serenissimo
1238 1667 1399 1750 Regi
1434 1669 1674 1733 Mathie
1706 1670 1924 1732 datam
1965 1669 2180 1748 fuisse,
2224 1675 2296 1734 ut
2323 1668 2484 1734 bello
2515 1668 2762 1733 hostem
2793 1669 3136 1733 lacesseret

786 1789 902 1852 pro
959 1771 1330 1835 divertendo
1366 1771 1649 1835 exercitu
1688 1770 1768 1835 ab
1813 1773 2282 1854 oppugnatione
2327 1771 2596 1852 Scutari,
2644 1772 3138 1851 hortareturque

794 1873 1051 1937 tandem
1100 1877 1165 1937 et
1224 1873 1610 1954 persuadere
1678 1875 1991 1938 niteretur
2045 1875 2298 1938 nomine
2357 1879 2572 1939 nostro
2631 1875 2870 1954 regiam
2937 1874 3140 1953 ipsam

792 1973 1247 2038 Celsitudinem
1315 1975 1399 2039 ad
1459 1973 1962 2055 pacificationem
2025 1995 2238 2040 rerum
2285 1995 2566 2056 suarum,
2611 1981 2673 2040 et
2712 1975 2794 2039 ad
2837 1975 3141 2054 composi-

792 2078 1033 2139 tionem
1080 2075 1536 2141 discordiarum
1578 2096 1719 2142 cum
1767 2079 1910 2160 ipso
1960 2079 2182 2144 eodem
2228 2079 2635 2145 serenissimo
2667 2079 2844 2159 Rege
2875 2077 3140 2156 Mathia,

792 2182 858 2241 et
902 2177 1087 2242 ambo
1136 2197 1263 2242 non
1310 2179 1513 2244 solum
1573 2199 1797 2261 regna,
1846 2183 1957 2246 sed
2002 2201 2137 2246 rem
2198 2182 2388 2245 etiam
2453 2181 2652 2245 tutari
2699 2185 2763 2244 et
2825 2181 3142 2244 sustinere

790 2279 1195 2344 christianam
1237 2281 1539 2348 adversus
1570 2288 1815 2348 tantum
1840 2283 2116 2348 furorem
2142 2289 2206 2348 et
2235 2285 2556 2364 impetum,
2593 2287 2896 2362 quantum
2925 2280 3142 2346 formi-

792 2383 1048 2447 dolosus
1094 2383 1383 2448 inimicus
1430 2385 1709 2464 quotidie
1747 2387 1813 2450 in
1859 2387 2130 2451 nominis
2174 2386 2498 2450 christiani
2530 2385 2921 2449 eversionem
2965 2383 3136 2448 facit.

788 2485 923 2549 Hec
966 2484 1145 2550 fuere
1196 2486 1262 2550 in
1305 2485 1663 2552 substantia
1708 2489 2005 2553 mandata
2048 2487 2147 2554 bis
2196 2489 2348 2552 data
2414 2488 2656 2552 oratori
2716 2491 2967 2552 nostro:
3017 2505 3142 2567 quc

790 2596 1011 2653 orator
1053 2589 1190 2671 ipse
1236 2589 1577 2669 impeditus
1624 2610 1832 2656 rerum
1879 2591 2362 2656 christianarum
2394 2608 2586 2655 causa
2611 2595 2677 2654 et
2698 2589 2909 2655 studio
2955 2608 3142 2654 revo-

794 2692 977 2755 candi
1045 2692 1311 2756 eundem
1354 2710 1570 2772 regem
1640 2692 1719 2757 ab
1780 2694 1904 2757 illis
1951 2694 2379 2774 superioribus
2437 2693 2726 2774 partibus
2787 2692 2868 2756 ad
2919 2697 3141 2773 partes

788 2792 1120 2859 inferiores
1164 2793 1334 2858 hosti
1379 2792 1697 2874 finitimas,
1746 2797 1974 2875 exequi
2033 2814 2160 2861 non
2203 2796 2431 2875 potuit,
2488 2799 2560 2858 ut
2600 2798 2822 2859 nostra
2866 2800 3005 2859 erat
3047 2794 3143 2859 in-

789 2898 988 2961 tentio
1035 2900 1101 2960 et
1144 2896 1459 2961 voluntas.

992 2998 1086 3063 De
1129 3002 1442 3063 conventu
1479 3003 1807 3063 oratorum
1832 2998 2186 3079 principum
2215 2998 2718 3078 christianorum,
2767 3004 2833 3063 et
2875 3000 2954 3063 de
2996 3016 3140 3063 con-

788 3100 1069 3164 clusione
1101 3100 1285 3179 facta,
1320 3118 1446 3164 non
1478 3100 1682 3165 solum
1727 3100 1842 3181 faS,
1876 3101 1994 3165 sed
2027 3102 2686 3165 convenientissimum
2711 3100 3140 3165 necessarium

788 3201 1194 3282 arbitramur,
1240 3208 1312 3267 ut
1354 3203 1533 3283 regia
1574 3202 1944 3269 Sublimitas
1989 3204 2199 3268 omnia
2235 3204 2570 3285 intelligat,
2622 3222 2744 3285 que
2782 3210 2928 3269 acta
2973 3208 3139 3269 sunt.

794 3304 1159 3368 Convenere
1205 3324 1370 3369 anno
1418 3306 1743 3386 superiore
1799 3306 1864 3368 in
1918 3310 2316 3386 conspectum
2365 3307 2604 3371 Summi
2647 3305 2964 3387 pontificis
3007 3324 3142 3372 mo-

788 3408 998 3471 ventis
1046 3414 1111 3471 et
1154 3408 1443 3472 vocantis
1484 3410 1772 3472 oratores
1818 3408 2256 3487 potentiarum
2297 3408 2512 3487 Italic,
2559 3426 2676 3489 pro
2722 3409 3141 3474 consultando

789 3508 1044 3589 negotio
1079 3509 1420 3574 christiano
1469 3514 1535 3573 et
1576 3526 1693 3589 pro
1720 3508 2092 3573 obsistendo
2129 3509 2382 3575 inimico
2429 3528 2508 3575 ne
2552 3511 2818 3575 ulterius
2860 3512 2925 3576 in
2968 3530 3142 3575 ever-

790 3610 971 3675 sione
1011 3611 1338 3676 christiani
1370 3610 1643 3675 nominis
1688 3611 2052 3675 debacetur.
2133 3610 2216 3675 Et
2259 3617 2406 3692 post
2433 3612 2687 3693 longam
2729 3614 3142 3693 agitationem

794 3717 859 3776 et
904 3713 1249 3793 practicam
1295 3718 1675 3778 conventum
1721 3712 1976 3777 tandem
2023 3718 2137 3792 est,
2171 3718 2243 3777 ut
2290 3719 2464 3778 certa
2493 3715 2900 3795 pecuniarum
2945 3732 3143 3794 quan-

792 3814 948 3878 titas
995 3832 1074 3877 ex
1118 3814 1460 3895 pontificiis
1506 3814 1763 3878 decimis
1809 3832 1927 3895 per
1973 3814 2254 3895 legatum
2310 3816 2729 3897 apostolicum
2775 3816 3144 3882 mitteretur

788 3916 854 3980 in
898 3916 1321 3997 Hungariam,
1368 3934 1491 3996 que
1546 3918 1740 3980 missa
1802 3920 1900 3979 est
1940 3920 2006 3979 et
2051 3916 2391 3981 distributa
2428 3936 2545 3999 per
2587 3936 2732 3982 eum
2773 3918 2840 3982 in
2905 3919 3140 3999 copiaS,

790 4036 950 4099 quas
995 4036 1110 4083 rex
1154 4019 1292 4100 ipse
1336 4018 1636 4084 conduxit
1681 4023 1746 4083 et
1788 4023 1965 4083 tenet
2009 4018 2092 4082 ad
2137 4018 2538 4085 offensionem
2583 4020 2787 4086 hostis
2831 4020 2896 4085 in
2940 4020 3142 4101 parti-

788 4119 909 4185 bus
951 4119 1357 4185 inferioribus
1388 4118 1607 4185 Servie
1652 4126 1719 4184 et
1751 4118 1979 4184 Rossie
2007 4118 2306 4187 finitimis
2393 4122 2480 4187 Et
2505 4128 2682 4189 certa
2710 4122 2836 4187 alia
2877 4122 3142 4187 maioris

792 4224 1171 4303 quantitatis
1248 4242 1327 4287 ex
1404 4221 1651 4288 comuni
1723 4222 2155 4303 potentiarum
2245 4226 2710 4291 contributione
2784 4225 3142 4291 cumulatur

794 4324 1213 4406 expendenda
1235 4325 1297 4389 in
1321 4323 1687 4405 suffragium
1709 4340 1924 4387 rerum
1955 4323 2435 4391 christianarum
2467 4327 2577 4392 ubi
2601 4328 2854 4409 quando
2889 4331 2954 4392 et
2985 4344 3141 4407 quo-

791 4429 981 4493 modo
1014 4428 1217 4493 maior
1246 4427 1789 4509 periculosiorque
1814 4442 2030 4491 rerum
2049 4428 2530 4495 christianarum
2545 4432 2892 4497 necessitas
2925 4432 3147 4512 exigat

790 4536 855 4597 et
898 4538 1147 4611 urgeat.
1236 4530 1375 4595 Hec
1418 4528 1539 4594 fuit
1566 4528 1766 4594 totius
1791 4528 2202 4612 ,tractationis
2247 4550 2490 4597 summa
2518 4538 2583 4598 et
2614 4532 2952 4612 conclusio,
2979 4533 3146 4599 sicut
