3793 5187
1899 575 2018 640 192

806 780 885 845 de
931 777 1341 861 apparatibus
1387 782 1454 845 et
1495 777 1769 846 motibus
1810 778 1978 862 regis
2023 778 2280 846 Boemie
2343 783 2564 846 contra
2619 779 2796 848 illum
2853 778 3160 848 Comitem

800 882 1102 949 Ioannem
1140 881 1209 947 111
1241 879 1461 958 Slesia,
1492 880 1664 947 unde
1684 879 1940 948 dubitas
1961 882 2134 962 quod
2155 881 2320 948 vires
2351 898 2478 963 que
2511 881 2576 946 in
2599 881 2774 949 dieta
2801 882 2915 948 illa
2939 888 3166 950 contra

800 984 1115 1052 Turchum
1161 982 1466 1066 disposite
1524 1001 1664 1050 esse
1720 983 2122 1064 videbantur,
2191 984 2448 1051 tandem
2488 1002 2620 1050 non
2685 1002 2754 1050 se
2789 991 3156 1052 convertant

802 1092 1025 1157 contra
1065 1105 1277 1172 regem
1318 1085 1659 1169 Hungarie.
1705 1085 1794 1151 Et
1834 1104 1956 1154 nos
2019 1085 2421 1153 vehementer
2482 1085 2756 1153 antehac
2793 1086 3168 1156 dubitantes-

800 1211 883 1259 ne
926 1190 1043 1258 sub
1086 1189 1340 1256 nomine
1384 1187 1727 1256 christiano
1771 1206 2166 1271 quecumque
2207 1189 2568 1256 consultata
2627 1194 2696 1255 et
2735 1189 3042 1273 disposita
3090 1192 3162 1257 in

798 1293 1137 1378 perniciem
1182 1292 1434 1359 tandem
1478 1294 1923 1358 convertantur
1947 1291 2228 1358 eiusdem
2258 1291 2534 1358 nominis
2579 1295 2645 1358 et
2685 1292 2777 1358 rei
2814 1291 3156 1360 christiane

802 1415 918 1481 per
970 1395 1299 1462 dissidium
1362 1411 1580 1477 regum
1643 1393 2090 1477 predictorum,
2159 1393 2524 1460 diuturnam
2591 1397 2660 1460 et
2724 1392 3162 1462 vehementem

800 1499 1169 1566 instantiam
1208 1497 1471 1564 fecimus
1514 1514 1655 1562 cum
1676 1495 1940 1563 Summo
1987 1495 2311 1579 pontifice,
2383 1499 2460 1562 ut
2500 1495 2756 1563 inducie
2797 1515 3154 1580 prorogen-

800 1607 907 1670 tur
946 1619 1066 1685 pro
1112 1599 1341 1682 quibus
1400 1597 1722 1666 Sanctitas
1786 1598 1932 1680 ipsa
1987 1597 2245 1680 scripsit
2302 1596 2387 1664 ad
2443 1597 2910 1681 Imperatorem
2963 1603 3030 1665 et
3069 1599 3154 1665 ad

798 1707 1141 1784 utrumque
1181 1717 1401 1782 regem
1429 1698 1697 1766 Polonie
1740 1705 1806 1766 et
1833 1699 2196 1782 Hungarie,
2243 1704 2311 1765 et
2344 1699 2572 1766 brevia
2614 1700 2700 1765 ad
2737 1719 3168 1782 utrumquem·-

802 1822 926 1888 que
986 1804 1181 1870 missa
1240 1806 1410 1870 sunt.
1496 1801 2067 1886 Impreseutiarum
2131 1805 2348 1868 autem
2419 1801 2580 1867 illud
2644 1802 2814 1869 idem
2883 1802 3154 1885 replicat

798 1907 1128 1974 beatitudo
1172 1904 1463 1988 predicta
1500 1902 1842 1986 plumbatis
1884 1903 2158 1982 litteris3
2205 1908 2273 1970 et
2317 1921 2444 1985 que
2490 1904 2576 1970 ad
2619 1904 2812 1971 istum
2857 1903 3154 1971 Serenis·

798 2011 1026 2078 simum
1071 2007 1390 2075 dominum
1434 2024 1653 2089 regem
1694 2007 1999 2088 inscripto
2045 2011 2194 2073 sunt
2237 2006 2546 2073 mittimus
2592 2006 2675 2073 ad
2719 2011 2788 2072 te
2829 2008 3143 2089 presenti-

798 2111 919 2178 bus
959 2110 1274 2192 alligatas.
1314 2173 1319 2178 .
1365 2109 1744 2176 Declaratus
1807 2113 1910 2176 est
1967 2113 2266 2192 preterea
2319 2109 2569 2193 legatus
2639 2109 2722 2174 de
2764 2109 2972 2175 latere
3016 2109 3140 2175 Re-

795 2213 1287 2280 verendissimus
1329 2211 1617 2278 dominus
1664 2210 2020 2278 cardinalis
2065 2210 2465 2278 Navareusis
2517 2211 2824 2294 singulari
2868 2212 3150 2294 prudeu-

796 2317 891 2382 tia
956 2321 1023 2382 et
1086 2313 1409 2398 probitate
1478 2313 1771 2380 dominus
1860 2317 2170 2379 venturus
2251 2331 2392 2380 cum
2456 2313 2784 2380 celeritate
2843 2314 2929 2382 ad
2990 2315 3152 2382 istas

796 2423 1033 2501 partes,
1080 2422 1153 2483 ut
1195 2415 1475 2482 indutias
1519 2413 1732 2481 firmet
1775 2419 1842 2481 et
1882 2415 1981 2480 rei
2024 2413 2372 2482 christiane
2423 2415 2716 2481 consulat
2763 2422 2829 2482 et
2873 2416 3146 2502 opitule-

795 2525 905 2586 tur
947 2519 1291 2586 constitute
1322 2517 1555 2602 juditio
1614 2522 1831 2584 nostro
1898 2518 1966 2584 in
2023 2522 2245 2600 aperto
2297 2517 2669 2584 discrimine
2735 2519 2793 2585 si
2855 2518 3146 2586 Sereuis-

796 2623 939 2691 simi
976 2623 1083 2690 isti
1126 2622 1447 2705 principes
1488 2620 1556 2687 in
1599 2620 1729 2688 suis
1776 2619 2114 2687 discordiis
2155 2618 2401 2686 fuerint
2429 2626 2916 2703 perseverantes
2955 2621 3140 2689 obliti
3215 2695 3220 2700 ⁴

795 2745 921 2793 non
964 2727 1167 2792 solum
1211 2725 1615 2805 obligationis
1682 2728 1751 2791 et
1810 2723 2010 2790 debiti
2075 2724 2174 2789 sui
2245 2723 2310 2788 in
2370 2721 2562 2789 fidem
2608 2728 2675 2789 et
2739 2724 3132 2806 religionem,

798 2828 913 2896 sed
953 2829 1213 2911 proprie
1272 2829 1467 2894 etiam
1532 2825 1776 2906 salutis;
1838 2825 2131 2892 subiacet
2200 2826 2367 2892 enim
2432 2827 2867 2910 unusquisque
2927 2845 3142 2894 eorum

798 2931 1005 2997 eidem
1048 2930 1332 3013 periculo
1387 2929 1560 3011 quod
1625 2926 2040 3009 manifestim,
2111 2940 2178 2994 et.
2240 2928 2590 3009 proximius
2635 2928 2974 3013 unicuique
3035 2929 3142 3009 sit,

798 3051 925 3116 quo
968 3032 1337 3100 dissidentis
1385 3050 1602 3099 secum
1644 3030 1949 3125 principis
2018 3030 2346 3097 christiani
2391 3031 2590 3107 vires,
2637 3032 2840 3114 magis
2903 3031 2983 3097 ab
3027 3031 3162 3097 ini--

794 3137 956 3203 mico
997 3135 1153 3201 fidei
1198 3138 1561 3201 atteruntur
1608 3140 1673 3201 et
1716 3134 2181 3216 opprimuntur.
2235 3133 2360 3199 Est
2403 3134 2572 3200 enim
2616 3134 2900 3200 comunis
2939 3133 3144 3201 hostis

793 3238 1271 3321 potentissimus
1316 3243 1384 3305 et
1425 3238 1873 3314 astutissimus,
1943 3243 2010 3302 et
2073 3254 2200 3302 non
2258 3236 2469 3319 magis
2515 3236 2663 3303 odio
2707 3255 2902 3303 unum
2949 3254 3140 3318 quam

795 3340 990 3407 alium
1053 3339 1250 3407 habet
1311 3359 1389 3407 ex
1458 3339 1734 3423 regibus,
1802 3344 1869 3405 et
1930 3338 2363 3421 potentatibus
2413 3336 2775 3405 christianis
2791 3388 2810 3418 ‚
2884 3339 2999 3405 sed
3060 3340 3146 3405 ad

797 3444 1071 3517 omnium
1116 3445 1514 3510 eversionem
1556 3443 1693 3525 pari
1734 3442 1916 3509 rabie
1976 3441 2268 3521 anhelat;
2332 3439 2694 3507 huiusmodi
2736 3441 2894 3507 moti
2938 3441 3140 3508 consi·

793 3547 1124 3613 deratione
1169 3550 1236 3611 et
1276 3550 1470 3626 metu,
1539 3550 1613 3611 ut
1656 3545 1767 3626 qui
1810 3546 1948 3611 dies
1995 3562 2072 3611 ac
2112 3549 2336 3611 noctes
2395 3542 2486 3608 nil
2532 3542 2708 3609 aliud
2768 3542 3139 3625 cogitamuS,

796 3668 987 3731 quam
1031 3666 1154 3730 que
1196 3647 1388 3715 saluti
1431 3648 1707 3716 omnium
1755 3646 2246 3714 christianorum
2271 3645 2629 3713 conducant
2672 3664 2930 3729 operam
2961 3644 3145 3711 adhi-

791 3751 1041 3818 buimus
1081 3752 1148 3816 in
1191 3750 1366 3817 curia
1410 3750 1795 3834 singularem
1839 3767 1961 3832 pro
1999 3749 2392 3817 indutiarum
2437 3749 2874 3832 predictarum
2914 3766 3142 3832 proro-

794 3854 1051 3937 gatione
1093 3857 1159 3919 et
1204 3857 1572 3936 aptamento
1618 3870 2138 3935 quarumcunque
2187 3852 2651 3919 discordiarum
2695 3856 2761 3917 et
2805 3851 2886 3917 ab
2927 3850 3141 3917 studio

792 3961 859 4023 et
881 3974 1077 4039 opera
1118 3961 1339 4023 nostra
1380 3974 1735 4039 provenere
1774 3956 2009 4037 littere,
2049 3961 2116 4021 et
2143 3955 2345 4038 legati
2385 3954 2800 4038 dessignatio:
2843 3953 2922 4019 In
2942 3952 3144 4035 parti-

792 4059 993 4128 culari
1036 4063 1252 4125 autem
1297 4061 1603 4141 quantum
1645 4058 1875 4125 honori
1922 4058 2381 4125 existimationi
2435 4062 2502 4124 et
2562 4056 2906 4124 commodis
2950 4056 3134 4123 istius

792 4162 1190 4231 Serenissimi
1237 4162 1476 4227 domini
1514 4161 1684 4244 regis
1729 4161 2159 4228 studuerimus
2219 4160 2383 4227 vidit
2427 4166 2493 4227 et
2534 4161 2752 4244 tetigit
2810 4158 3162 4243 Spectabi--

789 4267 871 4333 lis
916 4266 1271 4333 Galimacus
1315 4267 1537 4330 orator
1579 4263 1938 4331 Maiestatis
1983 4263 2268 4346 predicte
2337 4282 2527 4346 quem
2573 4264 2829 4345 copiose
2869 4262 3144 4344 scriptu.-

790 4388 952 4451 rum‚
971 4373 1037 4436 et
1076 4367 1395 4451 copiosius
1440 4367 1787 4434 relaturum
1816 4386 1946 4433 non
1975 4366 2364 4447 dubitamus,
2408 4364 2716 4448 quando
2699 4384 2764 4431 111
2799 4368 3161 4447 conspectu.

790 4472 969 4555 regio
1013 4471 1221 4538 fuerit.
1269 4448 1577 4559 νοΙαῇὲιε
1617 4469 1815 4552 igitur
1859 4473 1929 4535 et
1968 4468 2084 4535 tibi
2124 4469 2519 4553 mandamuS,
2567 4473 2642 4535 ut
2669 4467 2948 4551 receptis
2993 4484 3140 4548 pre·
3147 4506 3164 4513 -
