3793 5187
1660 743 1772 750 ψ
1798 654 1926 718 148

690 859 1017 942 expeditio
1077 857 1387 926 celebrari
1447 855 1669 940 possit.
1758 856 2016 922 Interea
2058 873 2212 922 vero
2264 853 2602 922 laudamus
2667 874 2860 938 quam
2909 873 3044 921 ma-

688 963 877 1043 xime,
922 967 998 1029 ut
1041 967 1259 1028 vestra
1288 958 1660 1026 Sublimitas
1702 978 1819 1042 per
1858 959 2143 1042 legatum
2185 976 2370 1026 suum
2401 957 2868 1040 quamprimum
2898 959 3042 1024 mit·
3075 984 3086 992 ·

689 1064 951 1132 tendum
994 1063 1081 1130 ad
1123 1061 1610 1130 Serenissimum
1652 1061 1991 1145 Hungarie
2030 1061 2268 1144 Regem
2319 1061 2647 1128 exhortari
2701 1079 2848 1126 eum
2885 1061 3042 1126 velit
3078 1097 3086 1104 ·

686 1173 763 1233 ut
803 1184 1037 1249 magno
1080 1171 1147 1232 et
1186 1165 1337 1233 forti
1381 1165 1591 1232 animo
1637 1183 1710 1231 se
1751 1181 2148 1246 regnumque
2185 1183 2369 1230 suum
2395 1163 2562 1230 tueri
2593 1162 2872 1243 studeat,
2922 1182 3040 1246 pro

691 1286 821 1351 qua
856 1268 997 1335 sola
1040 1285 1234 1334 causa
1276 1286 1392 1336 nos
1437 1285 1691 1350 quoque
1738 1267 2206 1350 quamprimum
2243 1265 2584 1333 Oratorem
2625 1270 2916 1332 nostrum
2959 1266 3044 1331 ad

686 1370 897 1452 ipsum
942 1369 1427 1436 Sereuissimum
1465 1388 1684 1452 regem
1728 1368 2093 1453 expedituri
2143 1387 2384 1435 sumuS.

938 1472 1041 1538 De
1082 1477 1271 1555 parte
1380 1473 1523 1538 166.

937 1575 1035 1641 De
1079 1594 1207 1643 non
1464 1578 1527 1639 4.

939 1678 1085 1744 Non
1132 1675 1361 1743 sinceri
1462 1678 1519 1742 1.

794 1811 1245 1886 (Deliberazioni
1282 1811 1493 1869 Senato
1530 1811 1759 1881 Secreti,
1795 1811 1930 1868 Vol.
1965 1812 2136 1882 XXI,
2167 1829 2294 1885 pag.
2334 1813 2477 1882 145).

1708 2121 1998 2196 LXIV.

1700 2273 1839 2330 sino
1874 2274 2032 2331 data.

886 2396 1152 2472 (testera
1195 2396 1252 2462 di
1298 2395 1454 2480 Papa
1498 2395 1679 2463 Paolo
1726 2396 1768 2462 ll
1808 2413 1851 2462 a
1894 2396 2184 2464 casimiro
2228 2396 2293 2462 lv
2333 2397 2415 2463 Re
2455 2395 2512 2461 di
2561 2393 2851 2473 Paionia).

1314 2564 1800 2649 Archiepiscopo
1844 2562 2385 2651 Magdeburgensi.

901 2703 1295 2771 Venerabilis
1339 2702 1534 2769 frater
1578 2703 1846 2769 salutem
1891 2708 2009 2770 etc.
2099 2702 2396 2770 Pervenit
2436 2704 2517 2770 ad
2562 2721 2749 2770 aures
2791 2706 3044 2770 nostras
3057 2718 3082 2743 ··

690 2824 825 2873 esse
870 2806 1203 2874 nonnullos
1268 2806 1333 2871 in
1397 2804 1685 2887 partibus
1743 2805 2097 2887 Germanie,
2167 2807 2278 2888 qui
2345 2823 2462 2887 per
2503 2806 2660 2872 duos
2719 2804 2857 2871 fere
2913 2806 3042 2871 iam
3061 2832 3080 2855 -·

689 2928 888 2977 annos
930 2909 1329 2992 publicarunt
1372 2914 1439 2974 et
1481 2909 1774 2975 continue
1836 2907 2170 2991 publicant
2238 2908 2456 2975 literas
2499 2908 3041 2991 Indulgentiarum
3070 2932 3080 2953 =

689 3012 807 3077 sub
870 3011 1121 3078 nomine
1184 3009 1399 3076 Sancti
1461 3008 1735 3092 Spiritus
1781 3014 1847 3077 et
1889 3010 2070 3076 Sedis
2109 3011 2494 3093 Apostolice,
2565 3030 2687 3093 que
2741 3010 2844 3075 vel
2893 3014 3044 3075 sunt

690 3118 981 3180 revocate
1022 3112 1121 3177 vel
1164 3112 1241 3178 de
1282 3111 1561 3178 falsitate
1610 3110 1944 3178 manifeste
1989 3118 2417 3195 coarguuntur
2465 3114 2814 3196 colligendo
2855 3129 3065 3195 pecu-·

689 3216 828 3281 nias
875 3220 943 3281 et
990 3213 1367 3280 absolvendo
1411 3212 1493 3279 ab
1538 3212 1823 3280 omnibus
1868 3211 2137 3293 casibuS,
2180 3220 2246 3281 et
2287 3214 2417 3280 alia
2457 3215 2718 3297 agendo,
2764 3233 2877 3296 per
2921 3231 3083 3296 que'

690 3316 969 3382 fidelium
1028 3320 1269 3382 mentes
1313 3317 1615 3381 seducant
1652 3320 1719 3381 et
1759 3316 2096 3397 decipiant,
2159 3321 2225 3381 et
2281 3334 2358 3381 ex
2401 3316 2628 3399 quibus
2670 3316 2791 3381 nisi
2835 3315 3042 3398 provi-

689 3420 915 3486 deatur
976 3423 1300 3500 oportune,
1368 3418 1666 3485 scandala
1729 3418 2018 3501 generari
2063 3422 2131 3483 et
2171 3417 2448 3484 fidelium
2517 3418 2892 3501 populorum
2931 3417 3074 3482 ‹le-⁶

692 3521 863 3588 votio
908 3522 1105 3587 minui
1149 3527 1215 3587 et
1259 3522 1503 3604 magnis
1546 3519 1861 3586 erroribus
1903 3520 2133 3587 involvi
2161 3539 2375 3587 omnes
2405 3524 2725 3603 poterunt.
2793 3518 3040 3585 Talium

688 3628 901 3690 autem
960 3622 1484 3705 indulgentiarum
1544 3622 2004 3704 publicatarum
2068 3621 2307 3689 Ducem
2353 3628 2420 3689 et
2457 3622 2830 3688 Primarium
2873 3623 3070 3687 inter·

690 3732 929 3793 ceteros
959 3725 1191 3793 habere
1216 3726 1509 3793 dicuntur
1547 3726 1859 3807 quendam
1905 3726 2294 3792 Richardum
2338 3726 2718 3806 Pontanum,
2766 3726 2875 3807 qui
2919 3724 3041 3791 Le-

686 3834 871 3913 gatus
916 3828 1288 3910 appellatur,
1354 3828 1566 3910 plures
1628 3828 1821 3893 etiam
1866 3828 1979 3894 alii
2024 3826 2360 3895 Cerretani
2403 3829 2614 3895 clerici
2651 3834 2718 3895 et
2760 3828 2907 3893 laici
2955 3828 3052 3893 si·-

686 3931 863 3997 milia
904 3932 1005 3996 dei
1053 3931 1275 3995 timore
1318 3930 1669 4011 postposito
1712 3934 1908 3996 attem
1923 3934 2110 4013 ptant
2169 3950 2310 3998 cum
2355 3932 2625 4013 pernitie
2669 3932 3036 3995 animarum.
3067 3970 3072 3977 -

689 4034 894 4111 Quare
930 4051 1071 4099 cum
1132 4038 1311 4097 tauta
1361 4033 1683 4098 temeritas
1728 4036 1795 4097 et
1839 4050 2148 4114 perversa
2189 4032 2512 4098 hominum
2555 4033 2818 4099 audacia
2855 4030 3040 4097 cohe-

688 4135 887 4201 randa
926 4136 1031 4212 sit,
1077 4134 1403 4201 hortamur
1440 4132 1902 4199 fraternitatem
1953 4138 2130 4199 tuam
2173 4133 2436 4216 Tibique
2479 4134 2930 4200 committimus
2975 4138 3040 4197 et

686 4237 1071 4317 mandamuS,
1138 4240 1212 4300 ut
1275 4235 1437 4301 tales
1498 4234 1838 4301 Geretanos
1905 4241 1971 4301 et
2029 4235 2326 4301 falsarum
2382 4237 2709 4302 literarum
2755 4255 2867 4302 seu
2908 4236 3037 4301 iam

687 4344 1121 4403 revocatarum
1163 4336 1584 4419 publicatores
1656 4342 1722 4403 et
1788 4342 2131 4405 assertores
2195 4338 2335 4420 capi
2399 4342 2468 4404 et
2533 4338 2802 4404 detineri
2859 4356 3080 4403 cures·

688 4438 1251 4523 Suffraganeosque
1309 4444 1451 4505 tuos
1504 4439 2050 4520 commonefacias,
2121 4445 2196 4505 ut
2261 4440 2342 4506 ad
2386 4440 2451 4506 id
2493 4441 2688 4506 etiam
2757 4442 3038 4505 studium

683 4540 1027 4608 adhibeant
1068 4559 1301 4623 eosque
1344 4542 1397 4606 si
1438 4541 1587 4608 illuc
1646 4541 1960 4607 divertent
2017 4542 2575 4625 comprehendant,
2635 4547 2703 4609 et
2751 4543 3036 4609 detinea-
