3793 5187
1942 409 2027 488 60

822 611 958 692 eius
1001 625 1400 708 requisitioni
1447 627 1775 704 assentire,
1828 630 1894 691 et
1938 643 2237 707 rogamus
2267 625 2403 690 eius
2434 623 2877 705 Serenitatem,
2920 627 2995 690 ut
3040 642 3154 691 nos

817 727 1054 794 habeat
1093 727 1324 792 merito
1371 731 1724 792 excusatos.

1023 829 1123 893 Ad
1163 827 1396 894 factum
1439 832 1805 894 teucrorum
1848 827 2129 906 dicimuS,
2177 826 2365 908 quod,
2410 831 2485 892 ut
2526 828 2845 893 notorium
2888 831 2990 893 est
3030 827 3150 893 toti

821 931 978 1010 orbi,
1030 931 1202 1011 quod
1245 949 1362 1012 pro
1411 929 1754 995 christiana
1793 927 1921 994 fide
1969 928 2333 1010 longissimo
2374 933 2685 1011 tempore,
2752 947 2893 995 cum
2952 927 3150 994 multa

823 1036 1044 1097 nostra
1087 1031 1434 1113 gravedine
1479 1036 1545 1095 et
1588 1048 1886 1112 expensa,
1955 1047 2029 1095 ac
2079 1033 2441 1094 nostrorum
2488 1028 2717 1094 civium
2762 1035 2829 1095 et
2866 1029 3151 1095 subdito-

819 1151 962 1197 rum
1005 1133 1203 1212 clade,
1251 1137 1317 1198 et
1361 1130 1662 1197 effusione
1705 1132 2048 1214 sanguiniS‚
2108 1149 2403 1213 guerram
2446 1135 2667 1197 teucro
2711 1130 2973 1198 fecimus
3016 1135 3151 1197 sine

817 1235 1080 1300 alicuius
1126 1233 1410 1300 subsidio
1456 1234 1557 1298 vel
1598 1232 1834 1314 favore,
1881 1239 1950 1298 et
1987 1231 2247 1298 tandem
2290 1232 2579 1298 videntes
2622 1250 2740 1298 nos
2784 1232 2955 1298 solos
2986 1250 3148 1312 esse,

815 1336 998 1417 quasi
1063 1340 1282 1401 coacte
1345 1333 1709 1399 devenimus
1782 1350 1923 1399 cum
1983 1333 2123 1415 ipso
2170 1337 2392 1398 teucro
2449 1332 2532 1396 ad
2574 1350 2817 1413 pacem,
2866 1350 2991 1412 que
3030 1351 3149 1414 per

815 1442 1150 1516 utramque
1188 1439 1437 1517 partem
1465 1435 1820 1515 peroptime
1851 1434 2069 1498 extitit
2096 1432 2454 1512 observata,
2502 1433 2603 1498 cui
2633 1451 2775 1498 cum
2803 1433 3043 1499 honore
3075 1439 3148 1498 et

813 1538 950 1602 sine
1005 1542 1225 1603 nostro
1289 1535 1488 1600 multo
1546 1535 1900 1616 preiudicio
1958 1539 2022 1600 et
2074 1533 2323 1613 damno,
2386 1534 2825 1599 contravenire
2870 1533 2955 1600 ad
2995 1553 3140 1616 pre-

815 1655 960 1704 sens
999 1656 1128 1702 non
1171 1653 1526 1719 possumus.
1617 1635 1749 1701 Sed
1795 1636 1861 1700 in
1896 1653 2201 1718 processu
2248 1634 2572 1718 temporiS,
2638 1653 2743 1700 res
2786 1635 3003 1701 taliter
3050 1635 3143 1701 di-

810 1741 936 1822 rigi
979 1743 1262 1822 possent,
1311 1737 1480 1819 quod
1525 1755 1856 1818 possemus
1904 1754 2021 1818 pro
2066 1736 2273 1801 salute
2314 1734 2794 1802 christianitatis
2822 1734 3035 1804 facere
3064 1738 3145 1804 de

813 1841 912 1907 his
953 1859 1076 1921 que
1119 1845 1430 1922 optamus,
1481 1843 1546 1902 et
1588 1856 1707 1920 per
1752 1837 2034 1919 elapsum
2074 1835 2348 1903 fecimus.

1015 1941 1118 2007 Ad
1162 1959 1240 2006 ea
1282 1945 1494 2006 autem
1541 1956 1664 2020 que
1717 1940 2014 2021 exposuit
2078 1957 2195 2020 pro
2262 1944 2448 2020 parte
2514 1937 2833 2021 Magnifici
2878 1938 3141 2005 Comitis

810 2042 1169 2122 Maticonis‚
1206 2039 1684 2123 respondemus,
1720 2044 1786 2105 et
1813 2041 2019 2122 primo
2058 2041 2228 2105 circa
2255 2038 2489 2106 factum
2516 2039 2775 2120 favoris,
2808 2040 2982 2122 quod
3009 2041 3146 2106 Ma·

814 2141 1240 2226 gnificentiam
1303 2159 1484 2208 suam
1549 2139 1856 2206 habemus
1914 2141 1980 2205 in
2039 2140 2347 2222 optimum
2390 2141 2660 2208 amicum
2702 2145 2770 2206 et
2808 2140 3145 2224 plurimum

813 2261 1028 2309 sumus
1073 2244 1134 2309 ei
1176 2241 1384 2308 affecti
1432 2246 1498 2306 et
1537 2242 1594 2306 ei
1633 2259 1884 2322 semper
1932 2240 2143 2323 parati
2188 2241 2421 2306 erimus
2464 2241 2530 2306 in
2574 2242 2817 2308 cunctis
2858 2242 3047 2309 licitis
3078 2249 3145 2309 et

809 2345 1090 2411 honestis
1159 2343 1570 2426 complacere,
1641 2342 1759 2407 sed
1811 2347 1886 2406 ut
1928 2343 2055 2406 iam
2098 2340 2370 2408 diximus
2414 2341 2645 2408 Comiti
2689 2341 2951 2409 Stefano
2996 2363 3143 2427 pro-

809 2447 1094 2512 misimus
1155 2451 1329 2512 stare
1393 2443 1734 2509 neutrales.
1809 2443 1915 2508 Ita
1972 2442 2145 2523 quod
2210 2442 2391 2510 salva
2451 2441 2578 2509 fide
2638 2447 2861 2510 nostra
2920 2451 2988 2512 et
3026 2445 3141 2512 ho·

811 2552 1063 2615 nestate
1106 2565 1235 2614 non
1279 2564 1612 2631 possemus
1651 2545 1710 2611 ei
1757 2543 1912 2611 dare
1952 2542 2203 2611 favores
2248 2561 2407 2627 quos
2451 2545 2741 2627 requirit.

1008 2650 1246 2715 Verum
1289 2654 1362 2714 ut
1403 2647 1746 2730 intelligat,
1795 2648 1967 2728 quod
1996 2648 2130 2730 apti
2160 2666 2375 2713 sumus
2418 2649 2484 2713 in
2520 2647 2637 2727 his,
2685 2666 2811 2730 que
2843 2647 3143 2715 habiliter

805 2770 1138 2834 possumus
1163 2769 1278 2817 sue
1300 2747 1776 2832 Magnificentie
1803 2749 2215 2831 complacere,
2242 2754 2697 2830 contentamur,
2724 2751 2897 2831 quod
2926 2768 3137 2817 emere

807 2854 910 2919 hic
955 2858 1022 2919 et
1065 2852 1402 2919 extrahere
1443 2850 1644 2916 libere
1682 2850 1888 2932 possit
1917 2854 2275 2930 veretonos,
2318 2850 2647 2932 pulverem
2689 2856 2759 2917 et
2794 2852 2956 2917 alias
2998 2870 3139 2918 mu-

807 2955 1080 3021 nitiones
1125 2971 1284 3035 quas
1330 2952 1623 3034 requirit.

1006 3053 1403 3120 Bombardas
1448 3071 1603 3120 vero
1660 3071 1817 3134 quas
1863 3053 2037 3132 dicit,
2083 3058 2540 3133 contentamur,
2586 3054 2759 3135 quod
2802 3072 2920 3136 per
2960 3071 3137 3119 mare

807 3156 1073 3223 conduci
1119 3156 1328 3223 facere
1371 3156 1592 3237 possit,
1641 3156 1778 3220 sine
1807 3160 2169 3221 nostrorum
2198 3156 2262 3219 in
2289 3154 2450 3219 mari
2480 3155 2944 3237 impedimento.
3008 3153 3140 3221 Sed

804 3276 1120 3339 rogamuS,
1169 3262 1242 3322 ut
1267 3276 1392 3323 non
1421 3275 1537 3338 per
1567 3261 1773 3322 terras
1818 3260 2090 3335 nostras,
2137 3256 2251 3320 sed
2293 3273 2410 3338 per
2440 3255 2713 3337 aliquem
2744 3261 3002 3338 portum
3032 3274 3137 3321 re-

803 3363 1046 3425 motum
1094 3363 1159 3424 et
1203 3376 1340 3423 cum
1385 3358 1637 3439 navigio
1681 3356 1921 3423 forensi
1964 3355 2047 3420 ad
2092 3356 2366 3437 aliquem
2404 3362 2657 3439 portum
2703 3358 2897 3422 etiam
2933 3375 3138 3423 remo-

801 3465 936 3525 tum
963 3460 1106 3525 illas
1139 3459 1401 3526 conduci
1429 3458 1638 3531 faciat,
1683 3464 1758 3523 ut
1787 3458 2111 3525 videamur
2140 3458 2484 3537 neutraleS‚
2519 3457 2683 3523 sicut
2709 3458 3133 3540 promisimus,

803 3565 876 3626 ut
918 3566 1018 3627 est
1061 3560 1312 3626 dictum.

1005 3662 1324 3740 Quantum
1353 3679 1506 3727 vero
1547 3662 1828 3743 pertinet
1868 3661 1952 3726 ad
1996 3660 2231 3727 factum
2267 3659 2764 3743 Spectabilitatis
2808 3679 2941 3740 sue,
2984 3660 3135 3726 dici-

799 3783 938 3831 mus
987 3766 1158 3846 quod
1202 3765 1410 3845 parati
1441 3782 1656 3829 sumus
1700 3763 1998 3843 scribere,
2044 3768 2111 3828 et
2153 3761 2502 3828 comitibus
2543 3760 2753 3844 Segne
2798 3768 2864 3827 et
2904 3761 3137 3829 Comiti

801 3867 959 3933 Cilie
1001 3868 1066 3931 in
1115 3866 1250 3931 eius
1292 3866 1595 3945 favorem,
1651 3870 1716 3931 et
1759 3884 1901 3930 eum
1968 3869 2042 3930 ut
2099 3865 2299 3930 civem
2354 3867 2643 3929 nostrum
2699 3861 2909 3929 facere
2952 3880 3133 3929 reco-

801 3969 1075 4048 missum,
1123 3972 1189 4033 et
1231 3967 1353 4033 illis
1397 3966 1774 4053 Rectoribus
1821 3966 2078 4045 nostris,
2143 3966 2249 4046 qui
2298 3966 2355 4030 ei
2399 3964 2798 4030 videbuntur.
2888 3964 2976 4028 Et
3020 3980 3132 4046 ge-

797 4071 1102 4137 neraliter
1147 4070 1338 4135 etiam
1385 4067 1672 4136 omnibus
1717 4067 2096 4133 Rectoribus
2140 4067 2376 4132 nostris
2421 4065 2743 4145 mandare,
2794 4070 2867 4129 ut
2912 4082 3131 4129 occur-

799 4178 978 4239 rente
1037 4190 1204 4251 casu,
1274 4170 1444 4251 quod
1489 4171 1706 4235 venire
1770 4176 1883 4235 aut
1931 4172 2182 4235 mittere
2226 4168 2396 4234 bona
2439 4186 2556 4233 sua
2598 4166 2754 4232 velit
2800 4169 2882 4231 ad
2924 4170 3132 4231 terras

799 4280 1070 4354 nostraS‚
1115 4278 1485 4353 acceptetur
1531 4278 1598 4335 ct
1635 4276 1948 4337 tractetur
1993 4276 2063 4335 ut
2102 4270 2255 4335 civis
2302 4275 2539 4348 noster,
2587 4273 2653 4332 et
2696 4266 2910 4349 placet
2946 4268 3131 4333 nobis
