3793 5187
1836 497 1921 560 80

722 703 998 766 stratum
1047 699 1332 764 omnibus
1376 699 1750 765 necessariis
1783 698 2213 781 decimamque
2242 701 2305 765 in
2336 699 2640 777 venetiis,
2691 697 3048 777 ceterisque

725 802 914 868 terris
954 801 1190 868 nostris
1232 820 1348 883 per
1392 802 1742 867 Romanum
1789 801 2151 886 pontificem
2210 804 2567 884 impositam
2611 801 2840 866 nedum
2884 799 3049 880 exigi

722 904 1140 988 permisimuS,
1208 921 1425 969 verum
1493 905 1683 970 etiam
1753 905 1995 969 cunctis
2056 903 2381 970 favoribus
2436 911 2501 970 et
2544 903 2769 970 studiis
2812 902 3048 966 nostris

727 1006 894 1088 exigi
940 1003 1152 1071 facere
1193 1006 1684 1086 procuravimus.
1773 1005 2077 1088 Eratque,
2132 1013 2198 1072 et
2242 1006 2479 1073 electus
2524 1011 2623 1072 est
2669 1005 3050 1086 Capitaneus

725 1109 1006 1191 ipsarum
1049 1107 1390 1190 galearum.
1468 1108 1580 1194 [Et
1607 1109 1778 1174 ultra
1805 1109 1928 1174 hoc
1967 1109 2251 1175 videntes
2288 1110 2588 1192 pecunias
2634 1108 2874 1174 decime
2904 1112 3053 1172 tunc

727 1210 822 1275 ita
862 1209 986 1274 cito
1029 1207 1252 1274 haberi
1295 1227 1421 1275 non
1463 1227 1671 1291 posse,
1719 1209 1948 1292 cupidi,
2010 1211 2175 1276 sicut
2216 1211 2607 1292 prediximus
2651 1211 2861 1275 votive
2906 1226 3050 1273 exe-

733 1311 998 1378 cutionis
1041 1311 1208 1377 illius
1253 1311 1454 1378 sancti
1499 1313 1728 1393 operiS,
1801 1312 2289 1378 deliberavimus
2327 1312 2699 1395 postpositis
2747 1308 3053 1388 omnibus,

731 1413 1035 1480 derelicto
1083 1413 1326 1496 Culpho
1368 1419 1606 1494 nostr0,
1654 1433 1728 1480 ac
1772 1416 2145 1482 mercaturis
2189 1415 2443 1494 nostris,
2495 1415 2750 1480 mittere
2790 1413 2869 1478 de
2912 1410 3053 1476 aliis

729 1517 965 1582 nostris
1013 1515 1214 1598 galeis
1257 1516 1322 1581 in
1367 1517 1654 1582 strictum
1701 1517 2028 1599 Galipolis,
2074 1517 2503 1599 expediteque
2549 1515 2909 1582 immediate
2954 1530 3053 1578 se-

732 1618 1071 1685 cretarium
1115 1623 1420 1698 nostrum,
1461 1636 1648 1700 quem
1685 1619 1768 1685 ad
1813 1637 1991 1685 suam
2036 1619 2649 1686 Reverendissimam
2694 1616 3053 1682 Paternita-

730 1725 862 1787 tem
910 1724 977 1786 et
1021 1721 1104 1786 ad
1147 1720 1626 1788 Serenissimum
1673 1723 1989 1788 dominum
2020 1723 2257 1804 Regem
2302 1723 2656 1804 predictum
2694 1721 3055 1802 scripsimus

732 1841 850 1889 nos
890 1821 1245 1908 missuros]
1333 1822 1569 1889 Verum
1615 1825 1740 1889 iam
1779 1825 2063 1906 pluribus
2106 1825 2327 1890 diebus
2372 1824 2815 1905 intelligent-eS,
2878 1839 3056 1886 suam

735 1923 1348 1991 Reverendissimam
1377 1924 1840 1992 Paternitatem
1885 1945 2013 1990 una
2058 1945 2197 1992 cum
2236 1925 2404 1992 dicto
2438 1925 2851 1990 Serenissimo
2884 1922 3057 2003 Rege

737 2044 877 2093 cum
921 2026 1204 2092 exercitu
1267 2025 1748 2092 christianorum
1810 2029 2251 2094 retrocessisse
2310 2033 2375 2092 et
2416 2028 2482 2092 in
2524 2027 2915 2108 Hungariam
2957 2043 3057 2088 re-

735 2145 1002 2207 measse,
1072 2126 1256 2194 bonis
1311 2129 1813 2210 necessariisque
1873 2131 2078 2196 causis
2124 2137 2190 2196 et
2232 2131 2539 2213 respectis
2580 2132 3061 2212 perseverantes

737 2231 804 2296 in
847 2229 1038 2296 solita
1095 2229 1266 2294 bona
1327 2230 1738 2312 dispositione
1804 2237 2024 2296 nostra
2094 2233 2417 2313 galearum
2471 2232 2917 2313 predictarum.
2991 2229 3065 2293 In

743 2349 896 2398 casu
942 2348 1066 2412 quo
1113 2330 1235 2396 hoc
1275 2334 1564 2413 tempore
1611 2350 1773 2397 novo
1817 2332 2007 2415 ijdem
2042 2333 2449 2399 Reverendus
2479 2334 2765 2400 dominus
2794 2333 3064 2414 legatuS,

741 2439 808 2499 et
851 2432 1301 2500 Serenissimus
1345 2433 1486 2498 Rex
1528 2452 1666 2500 cum
1709 2437 1953 2516 potenti
2000 2437 2281 2500 exercitu
2322 2437 2627 2502 adversus
2674 2441 2925 2499 teucros
2966 2451 3066 2497 re-

742 2535 880 2604 dire
910 2535 1266 2619 disponant,
1315 2537 1608 2619 quoniam
1640 2538 1692 2603 si
1723 2537 1908 2605 aliter
1940 2545 2126 2618 esset,
2166 2538 2400 2605 frustra
2434 2543 2605 2605 esset
2631 2555 2923 2604 accessus
2955 2553 3065 2618 ga-

739 2639 982 2705 learum
1040 2638 1488 2720 predictarum,
1557 2640 1811 2706 mittere
1868 2646 1935 2706 te
1993 2642 2325 2707 statuimus
2387 2642 2469 2706 ad
2526 2640 2910 2723 presentiam
2954 2656 3067 2703 sue

739 2740 1286 2807 Reverendissime
1314 2741 1745 2823 PaternitatiS,
1806 2748 1878 2808 ut
1924 2742 2205 2809 declares
2250 2744 2369 2808 sibi
2412 2744 2613 2808 nostri
2656 2746 2862 2823 parte,
2906 2741 3068 2805 hanc

743 2845 1047 2929 optimam
1090 2851 1364 2912 mentem
1403 2850 1468 2911 et
1505 2846 1981 2927 dispositionem
2026 2852 2325 2926 nostram,
2370 2845 2642 2911 faciendi
2686 2846 2895 2911 omnia
2923 2862 3067 2926 pos-

743 2945 950 3014 sibilia
989 2965 1108 3029 pro
1151 2947 1319 3014 bona
1365 2950 1733 3014 executione
1777 2949 1943 3013 illius
1988 2948 2189 3013 sancti
2233 2948 2461 3029 operiS,
2511 2953 2709 3029 utque
2750 2947 3068 3028 intelligas

746 3048 1280 3130 deliberationem,
1349 3068 1471 3131 que
1530 3052 1592 3115 in
1649 3051 1840 3117 rebus
1893 3051 2017 3117 illis
2060 3050 2170 3116 fiet
2212 3070 2329 3133 per
2373 3068 2551 3115 suam
2596 3048 3069 3115 Reverendissi-

744 3169 910 3217 mam
957 3150 1442 3217 dominationem
1489 3158 1554 3217 et
1600 3152 2081 3218 Serenissimum
2124 3152 2361 3235 Regem
2406 3151 2777 3233 predictum,
2835 3156 2910 3215 ut
2956 3167 3071 3214 nos

744 3252 964 3319 habita
1005 3253 1447 3319 informatione
1483 3254 1608 3319 ista
1651 3256 1987 3336 providere
2029 3256 2343 3336 possimus
2383 3258 2686 3334 quantum
2716 3254 3071 3319 noverimus

747 3372 905 3437 opus
947 3374 1106 3421 esse.
1198 3356 1673 3442 [Subiungendo
1721 3358 1913 3421 etiam
1956 3376 2069 3422 sue
2105 3356 2650 3421 Reverendissime
2692 3354 3073 3420 I’aternitati

749 3456 920 3539 quod
963 3458 1154 3524 etiam
1197 3457 1252 3524 si
1296 3458 1496 3539 galee,
1562 3476 1684 3539 que
1749 3458 1998 3523 nomine
2064 3458 2284 3522 summi
2330 3456 2656 3523 Pontificis
2700 3456 2803 3522 hic
2844 3456 3076 3521 armari

749 3560 1000 3641 debent,
1043 3559 1188 3625 hinc
1228 3559 1322 3625 ita
1368 3560 1492 3626 cito
1533 3559 1803 3625 fortasse
1834 3578 1959 3624 non
2002 3560 2480 3642 expedirentur;
2525 3558 2657 3623 Nos
2695 3558 2906 3639 parati
2952 3558 3073 3622 eri-

745 3680 887 3729 mus
928 3662 1126 3729 veluti
1169 3682 1410 3729 summe
1454 3662 1621 3727 avidi
1670 3662 2074 3728 exaltationis
2117 3661 2265 3727 fidei
2311 3662 2669 3740 christiane,
2711 3662 2966 3725 mittere
2996 3659 3077 3724 de

746 3765 888 3832 aliis
936 3764 1134 3847 galeis
1177 3766 1243 3831 in
1287 3766 1575 3831 strictum
1621 3765 1951 3847 Galipolis,
2020 3771 2086 3831 et
2140 3766 2349 3830 facere
2414 3771 2719 3845 quantum
2786 3763 3075 3845 superius

749 3868 986 3935 dictum
1045 3873 1162 3948 est,
1228 3868 1294 3933 in
1360 3874 1662 3950 quantum
1720 3869 1908 3933 iidem
1949 3868 2235 3933 dominus
2279 3868 2558 3949 Legatus
2613 3872 2677 3931 et
2735 3865 3075 3930 Serenissi-

747 3989 886 4037 mus
925 3970 1062 4036 Rex
1106 3971 1352 4053 potenti
1392 3989 1579 4037 manu
1635 3971 1937 4035 adversus
2000 3974 2271 4048 teucros,
2328 3975 2401 4035 ut
2454 3968 2791 4051 prefertur,
2852 3968 2947 4032 ire
2982 3967 3077 4033 di-

747 4072 1068 4159 sponant.]

951 4175 1262 4241 Preterea
1305 4192 1418 4241 sue
1463 4173 2011 4239 Reverendissime
2042 4174 2422 4239 I’aternitati
2454 4192 2751 4255 expones,
2801 4171 2967 4252 quod
3001 4190 3077 4235 ex

747 4278 1053 4363 predictis
1096 4277 1300 4343 literis
1343 4277 1474 4342 suis
1521 4295 1599 4342 ex
1639 4276 1878 4357 Sophia
1922 4275 2101 4341 nobis
2141 4276 2395 4357 scriptis
2435 4276 2601 4340 inter
2642 4281 2856 4340 cetera
2894 4275 3079 4339 intel-

693 4407 701 4417 ·
749 4381 1038 4461 leximuS‚
1085 4384 1388 4462 quantum
1431 4378 1496 4444 in
1534 4376 1716 4445 sactis
1751 4378 2061 4460 Galipolis
2090 4377 2274 4443 uobis
2307 4377 2464 4443 dixit
2496 4376 2663 4458 quod
2690 4378 3077 4459 processisse
