<?xml version="1.0" encoding="UTF-8"?>
<!DOCTYPE html PUBLIC "-//W3C//DTD XHTML 1.0 Transitional//EN"
    "http://www.w3.org/TR/xhtml1/DTD/xhtml1-transitional.dtd">
<html xmlns="http://www.w3.org/1999/xhtml" xml:lang="en" lang="en">
 <head>
  <title>
</title>
<meta http-equiv="Content-Type" content="text/html;charset=utf-8" />
  <meta name='ocr-system' content='tesseract 3.04.00' />
  <meta name='ocr-capabilities' content='ocr_page ocr_carea ocr_par ocr_line ocrx_word'/>
</head>
<body>
  <div class='ocr_page' id='page_1' title='image "./fontesrerumpolo00unkngoog_0088.png"; bbox 0 0 3793 5187; ppageno 0'>
   <div class='ocr_carea' id='block_1_1' title="bbox 1778 358 1858 425">
    <p class='ocr_par' dir='ltr' id='par_1_1' title="bbox 1778 358 1858 425">
     <span class='ocr_line' id='line_1_1' title="bbox 1778 358 1858 425; baseline -0.025 0"><span class='ocrx_word' id='word_1_1' title='bbox 1778 358 1858 425; x_wconf 82' lang='lat'><strong>81</strong></span> 
     </span>
    </p>
   </div>
   <div class='ocr_carea' id='block_1_2' title="bbox 1622 447 2030 459">
    <p class='ocr_par' dir='ltr' id='par_1_2' title="bbox 1622 447 2030 459">
     <span class='ocr_line' id='line_1_2' title="bbox 1622 447 2030 459; baseline 0 4728"><span class='ocrx_word' id='word_1_2' title='bbox 1622 447 2030 459; x_wconf 95' lang='lat' dir='ltr'><strong> </strong></span> 
     </span>
    </p>
   </div>
   <div class='ocr_carea' id='block_1_3' title="bbox 652 558 3012 3617">
    <p class='ocr_par' dir='ltr' id='par_1_3' title="bbox 658 558 2988 835">
     <span class='ocr_line' id='line_1_3' title="bbox 662 558 2988 647; baseline -0.003 -16"><span class='ocrx_word' id='word_1_3' title='bbox 662 565 1094 647; x_wconf 73' lang='lat' dir='ltr'><strong>cognoscimus</strong></span> <span class='ocrx_word' id='word_1_4' title='bbox 1142 584 1219 630; x_wconf 86' lang='lat' dir='ltr'><strong>ex</strong></span> <span class='ocrx_word' id='word_1_5' title='bbox 1264 564 1567 647; x_wconf 77' lang='lat' dir='ltr'><strong>singulari</strong></span> <span class='ocrx_word' id='word_1_6' title='bbox 1608 562 2038 631; x_wconf 88' lang='lat' dir='ltr'><strong>benivolentia</strong></span> <span class='ocrx_word' id='word_1_7' title='bbox 2075 566 2143 627; x_wconf 92' lang='lat' dir='ltr'><strong>et</strong></span> <span class='ocrx_word' id='word_1_8' title='bbox 2169 558 2521 639; x_wconf 80' lang='lat' dir='ltr'><strong>affectione,</strong></span> <span class='ocrx_word' id='word_1_9' title='bbox 2568 576 2757 640; x_wconf 88' lang='lat' dir='ltr'><strong>quam</strong></span> <span class='ocrx_word' id='word_1_10' title='bbox 2793 558 2988 625; x_wconf 89' lang='lat' dir='ltr'><strong>habet</strong></span> 
     </span>
     <span class='ocr_line' id='line_1_4' title="bbox 659 659 2987 749; baseline -0.002 -17"><span class='ocrx_word' id='word_1_11' title='bbox 659 672 879 732; x_wconf 90' lang='lat' dir='ltr'><strong>nostro</strong></span> <span class='ocrx_word' id='word_1_12' title='bbox 924 666 1201 733; x_wconf 89' lang='lat' dir='ltr'><strong>dominio</strong></span> <span class='ocrx_word' id='word_1_13' title='bbox 1230 683 1350 749; x_wconf 91' lang='lat' dir='ltr'><strong>pro</strong></span> <span class='ocrx_word' id='word_1_14' title='bbox 1379 683 1506 749; x_wconf 85' lang='lat' dir='ltr'><strong>qua</strong></span> <span class='ocrx_word' id='word_1_15' title='bbox 1536 665 1785 748; x_wconf 88' lang='lat' dir='ltr'><strong>quidem</strong></span> <span class='ocrx_word' id='word_1_16' title='bbox 1830 662 2108 731; x_wconf 87' lang='lat' dir='ltr'><strong>infinitas</strong></span> <span class='ocrx_word' id='word_1_17' title='bbox 2152 662 2392 745; x_wconf 79' lang='lat' dir='ltr'><strong>gratias</strong></span> <span class='ocrx_word' id='word_1_18' title='bbox 2419 659 2738 728; x_wconf 72' lang='lat' dir='ltr'><strong>habemns</strong></span> <span class='ocrx_word' id='word_1_19' title='bbox 2781 660 2987 728; x_wconf 80' lang='lat' dir='ltr'><strong>Reve-</strong></span> 
     </span>
     <span class='ocr_line' id='line_1_5' title="bbox 658 767 1652 835; baseline 0.001 -1"><span class='ocrx_word' id='word_1_20' title='bbox 658 768 1027 835; x_wconf 89' lang='lat' dir='ltr'><strong>rendissime</strong></span> <span class='ocrx_word' id='word_1_21' title='bbox 1071 767 1480 835; x_wconf 81' lang='lat' dir='ltr'><strong>dominationi</strong></span> <span class='ocrx_word' id='word_1_22' title='bbox 1521 787 1652 835; x_wconf 89' lang='lat' dir='ltr'><strong>sue.</strong></span> 
     </span>
    </p>

    <p class='ocr_par' dir='ltr' id='par_1_4' title="bbox 658 865 2986 1449">
     <span class='ocr_line' id='line_1_6' title="bbox 861 865 2984 952; baseline -0 -18"><span class='ocrx_word' id='word_1_23' title='bbox 861 870 961 935; x_wconf 92' lang='lat' dir='ltr'><strong>De</strong></span> <span class='ocrx_word' id='word_1_24' title='bbox 1001 871 1415 952; x_wconf 80' lang='lat' dir='ltr'><strong>responsione</strong></span> <span class='ocrx_word' id='word_1_25' title='bbox 1458 876 1690 952; x_wconf 89' lang='lat' dir='ltr'><strong>antem,</strong></span> <span class='ocrx_word' id='word_1_26' title='bbox 1755 888 1942 952; x_wconf 88' lang='lat' dir='ltr'><strong>qnam</strong></span> <span class='ocrx_word' id='word_1_27' title='bbox 1985 868 2246 935; x_wconf 76' lang='lat' dir='ltr'><strong>habebis</strong></span> <span class='ocrx_word' id='word_1_28' title='bbox 2290 866 2372 934; x_wconf 93' lang='lat' dir='ltr'><strong>ab</strong></span> <span class='ocrx_word' id='word_1_29' title='bbox 2412 866 2553 950; x_wconf 89' lang='lat' dir='ltr'><strong>ipso</strong></span> <span class='ocrx_word' id='word_1_30' title='bbox 2597 865 2850 932; x_wconf 90' lang='lat' dir='ltr'><strong>domino</strong></span> <span class='ocrx_word' id='word_1_31' title='bbox 2891 866 2984 933; x_wconf 88' lang='lat' dir='ltr'><strong>le·</strong></span> 
     </span>
     <span class='ocr_line' id='line_1_7' title="bbox 659 968 2986 1056; baseline -0.002 -17"><span class='ocrx_word' id='word_1_32' title='bbox 659 978 807 1056; x_wconf 81' lang='lat' dir='ltr'><strong>gato</strong></span> <span class='ocrx_word' id='word_1_33' title='bbox 851 979 919 1039; x_wconf 90' lang='lat' dir='ltr'><strong>et</strong></span> <span class='ocrx_word' id='word_1_34' title='bbox 958 974 1041 1038; x_wconf 88' lang='lat' dir='ltr'><strong>de</strong></span> <span class='ocrx_word' id='word_1_35' title='bbox 1084 972 1371 1039; x_wconf 89' lang='lat' dir='ltr'><strong>omnibus</strong></span> <span class='ocrx_word' id='word_1_36' title='bbox 1415 972 1539 1041; x_wconf 88' lang='lat' dir='ltr'><strong>illis</strong></span> <span class='ocrx_word' id='word_1_37' title='bbox 1567 973 1633 1038; x_wconf 91' lang='lat' dir='ltr'><strong>in</strong></span> <span class='ocrx_word' id='word_1_38' title='bbox 1661 972 1950 1055; x_wconf 88' lang='lat' dir='ltr'><strong>partibus</strong></span> <span class='ocrx_word' id='word_1_39' title='bbox 1981 968 2475 1050; x_wconf 86' lang='lat' dir='ltr'><strong>occurrentibus,</strong></span> <span class='ocrx_word' id='word_1_40' title='bbox 2516 986 2643 1051; x_wconf 90' lang='lat' dir='ltr'><strong>qne</strong></span> <span class='ocrx_word' id='word_1_41' title='bbox 2667 968 2986 1036; x_wconf 74' lang='lat' dir='ltr'><strong>mentione</strong></span> 
     </span>
     <span class='ocr_line' id='line_1_8' title="bbox 660 1067 2984 1157; baseline -0.001 -17"><span class='ocrx_word' id='word_1_42' title='bbox 660 1074 849 1157; x_wconf 84' lang='lat' dir='ltr'><strong>digna</strong></span> <span class='ocrx_word' id='word_1_43' title='bbox 889 1072 1143 1154; x_wconf 83' lang='lat' dir='ltr'><strong>fuerint,</strong></span> <span class='ocrx_word' id='word_1_44' title='bbox 1185 1091 1301 1141; x_wconf 90' lang='lat' dir='ltr'><strong>nos</strong></span> <span class='ocrx_word' id='word_1_45' title='bbox 1344 1074 1589 1141; x_wconf 83' lang='lat' dir='ltr'><strong>solicite</strong></span> <span class='ocrx_word' id='word_1_46' title='bbox 1630 1075 1758 1141; x_wconf 88' lang='lat' dir='ltr'><strong>tuis</strong></span> <span class='ocrx_word' id='word_1_47' title='bbox 1792 1073 1997 1141; x_wconf 87' lang='lat' dir='ltr'><strong>literis</strong></span> <span class='ocrx_word' id='word_1_48' title='bbox 2025 1070 2410 1151; x_wconf 80' lang='lat' dir='ltr'><strong>informabis,</strong></span> <span class='ocrx_word' id='word_1_49' title='bbox 2456 1069 2665 1137; x_wconf 84' lang='lat' dir='ltr'><strong>dando</strong></span> <span class='ocrx_word' id='word_1_50' title='bbox 2707 1067 2890 1139; x_wconf 83' lang='lat' dir='ltr'><strong>nobis</strong></span> <span class='ocrx_word' id='word_1_51' title='bbox 2919 1070 2984 1138; x_wconf 91' lang='lat' dir='ltr'><strong>in</strong></span> 
     </span>
     <span class='ocr_line' id='line_1_9' title="bbox 661 1170 2983 1259; baseline -0.002 -16"><span class='ocrx_word' id='word_1_52' title='bbox 661 1176 873 1259; x_wconf 91' lang='lat' dir='ltr'><strong>specie</strong></span> <span class='ocrx_word' id='word_1_53' title='bbox 914 1174 1143 1247; x_wconf 90' lang='lat' dir='ltr'><strong>bonam</strong></span> <span class='ocrx_word' id='word_1_54' title='bbox 1191 1182 1256 1243; x_wconf 89' lang='lat' dir='ltr'><strong>et</strong></span> <span class='ocrx_word' id='word_1_55' title='bbox 1296 1177 1745 1258; x_wconf 78' lang='lat' dir='ltr'><strong>particularem</strong></span> <span class='ocrx_word' id='word_1_56' title='bbox 1784 1175 2257 1256; x_wconf 82' lang='lat' dir='ltr'><strong>advisationem,</strong></span> <span class='ocrx_word' id='word_1_57' title='bbox 2313 1176 2370 1242; x_wconf 93' lang='lat' dir='ltr'><strong>si</strong></span> <span class='ocrx_word' id='word_1_58' title='bbox 2409 1172 2600 1258; x_wconf 89' lang='lat' dir='ltr'><strong>ijdem</strong></span> <span class='ocrx_word' id='word_1_59' title='bbox 2644 1170 2983 1241; x_wconf 86' lang='lat' dir='ltr'><strong>Serenissi-</strong></span> 
     </span>
     <span class='ocr_line' id='line_1_10' title="bbox 658 1277 2984 1363; baseline -0 -20"><span class='ocrx_word' id='word_1_60' title='bbox 658 1298 796 1345; x_wconf 88' lang='lat' dir='ltr'><strong>mus</strong></span> <span class='ocrx_word' id='word_1_61' title='bbox 839 1278 979 1343; x_wconf 83' lang='lat' dir='ltr'><strong>Rex</strong></span> <span class='ocrx_word' id='word_1_62' title='bbox 1025 1284 1090 1345; x_wconf 92' lang='lat' dir='ltr'><strong>et</strong></span> <span class='ocrx_word' id='word_1_63' title='bbox 1134 1278 1421 1345; x_wconf 88' lang='lat' dir='ltr'><strong>dominns</strong></span> <span class='ocrx_word' id='word_1_64' title='bbox 1462 1279 1743 1363; x_wconf 80' lang='lat' dir='ltr'><strong>Legatns</strong></span> <span class='ocrx_word' id='word_1_65' title='bbox 1801 1279 1924 1345; x_wconf 91' lang='lat' dir='ltr'><strong>hoc</strong></span> <span class='ocrx_word' id='word_1_66' title='bbox 1968 1284 2254 1361; x_wconf 89' lang='lat' dir='ltr'><strong>tempore</strong></span> <span class='ocrx_word' id='word_1_67' title='bbox 2298 1294 2484 1357; x_wconf 84' lang='lat' dir='ltr'><strong>novo,</strong></span> <span class='ocrx_word' id='word_1_68' title='bbox 2550 1294 2690 1343; x_wconf 89' lang='lat' dir='ltr'><strong>cum</strong></span> <span class='ocrx_word' id='word_1_69' title='bbox 2736 1277 2984 1358; x_wconf 86' lang='lat' dir='ltr'><strong>potenti</strong></span> 
     </span>
     <span class='ocr_line' id='line_1_11' title="bbox 660 1380 2204 1449; baseline 0.001 -4"><span class='ocrx_word' id='word_1_70' title='bbox 660 1381 939 1449; x_wconf 85' lang='lat' dir='ltr'><strong>exercitu</strong></span> <span class='ocrx_word' id='word_1_71' title='bbox 982 1382 1191 1447; x_wconf 88' lang='lat' dir='ltr'><strong>redire</strong></span> <span class='ocrx_word' id='word_1_72' title='bbox 1228 1380 1627 1448; x_wconf 81' lang='lat' dir='ltr'><strong>decreverint</strong></span> <span class='ocrx_word' id='word_1_73' title='bbox 1668 1386 1889 1449; x_wconf 88' lang='lat' dir='ltr'><strong>contra</strong></span> <span class='ocrx_word' id='word_1_74' title='bbox 1933 1388 2204 1447; x_wconf 88' lang='lat' dir='ltr'><strong>teucros.</strong></span> 
     </span>
    </p>

    <p class='ocr_par' dir='ltr' id='par_1_5' title="bbox 652 1400 3012 3617">
     <span class='ocr_line' id='line_1_12' title="bbox 858 1400 2984 1567; baseline -0.001 -18"><span class='ocrx_word' id='word_1_75' title='bbox 858 1482 1107 1550; x_wconf 86' lang='lat' dir='ltr'><strong>Deinde</strong></span> <span class='ocrx_word' id='word_1_76' title='bbox 1151 1482 1332 1549; x_wconf 90' lang='lat' dir='ltr'><strong>dabis</strong></span> <span class='ocrx_word' id='word_1_77' title='bbox 1377 1502 1637 1567; x_wconf 84' lang='lat' dir='ltr'><strong>operam</strong></span> <span class='ocrx_word' id='word_1_78' title='bbox 1680 1488 1748 1550; x_wconf 90' lang='lat' dir='ltr'><strong>te</strong></span> <span class='ocrx_word' id='word_1_79' title='bbox 1794 1481 2188 1549; x_wconf 81' lang='lat' dir='ltr'><strong>conferrendi</strong></span> <span class='ocrx_word' id='word_1_80' title='bbox 2227 1480 2310 1549; x_wconf 89' lang='lat' dir='ltr'><strong>ad</strong></span> <span class='ocrx_word' id='word_1_81' title='bbox 2340 1400 2725 1564; x_wconf 79' lang='lat' dir='ltr'><strong>presentiam</strong></span> <span class='ocrx_word' id='word_1_82' title='bbox 2747 1479 2984 1565; x_wconf 85' lang='lat' dir='ltr'><strong>prefati</strong></span> 
     </span>
     <span class='ocr_line' id='line_1_13' title="bbox 660 1582 2981 1669; baseline -0 -18"><span class='ocrx_word' id='word_1_83' title='bbox 660 1585 1057 1652; x_wconf 87' lang='lat' dir='ltr'><strong>Serenissimi</strong></span> <span class='ocrx_word' id='word_1_84' title='bbox 1100 1586 1355 1651; x_wconf 84' lang='lat' dir='ltr'><strong>domini</strong></span> <span class='ocrx_word' id='word_1_85' title='bbox 1372 1584 1587 1669; x_wconf 80' lang='lat' dir='ltr'><strong>Regis,</strong></span> <span class='ocrx_word' id='word_1_86' title='bbox 1632 1584 1880 1667; x_wconf 85' lang='lat' dir='ltr'><strong>sibique</strong></span> <span class='ocrx_word' id='word_1_87' title='bbox 1913 1582 2208 1651; x_wconf 86' lang='lat' dir='ltr'><strong>exhibitis</strong></span> <span class='ocrx_word' id='word_1_88' title='bbox 2249 1584 2452 1651; x_wconf 87' lang='lat' dir='ltr'><strong>literis</strong></span> <span class='ocrx_word' id='word_1_89' title='bbox 2491 1582 2728 1650; x_wconf 85' lang='lat' dir='ltr'><strong>nostris</strong></span> <span class='ocrx_word' id='word_1_90' title='bbox 2759 1582 2981 1650; x_wconf 89' lang='lat' dir='ltr'><strong>credu-</strong></span> 
     </span>
     <span class='ocr_line' id='line_1_14' title="bbox 655 1683 2982 1770; baseline 0 -17"><span class='ocrx_word' id='word_1_91' title='bbox 655 1688 858 1754; x_wconf 84' lang='lat' dir='ltr'><strong>litatis</strong></span> <span class='ocrx_word' id='word_1_92' title='bbox 900 1684 1017 1753; x_wconf 86' lang='lat' dir='ltr'><strong>tibi</strong></span> <span class='ocrx_word' id='word_1_93' title='bbox 1062 1686 1469 1770; x_wconf 80' lang='lat' dir='ltr'><strong>consignatis,</strong></span> <span class='ocrx_word' id='word_1_94' title='bbox 1532 1686 1843 1770; x_wconf 86' lang='lat' dir='ltr'><strong>factisque</strong></span> <span class='ocrx_word' id='word_1_95' title='bbox 1898 1686 2024 1753; x_wconf 89' lang='lat' dir='ltr'><strong>illis</strong></span> <span class='ocrx_word' id='word_1_96' title='bbox 2085 1686 2378 1769; x_wconf 84' lang='lat' dir='ltr'><strong>congruis</strong></span> <span class='ocrx_word' id='word_1_97' title='bbox 2437 1683 2982 1753; x_wconf 78' lang='lat' dir='ltr'><strong>exhortationibus</strong></span> 
     </span>
     <span class='ocr_line' id='line_1_15' title="bbox 659 1786 2981 1871; baseline -0.001 -16"><span class='ocrx_word' id='word_1_98' title='bbox 659 1795 727 1855; x_wconf 91' lang='lat' dir='ltr'><strong>et</strong></span> <span class='ocrx_word' id='word_1_99' title='bbox 769 1788 1211 1869; x_wconf 83' lang='lat' dir='ltr'><strong>oblationibus,</strong></span> <span class='ocrx_word' id='word_1_100' title='bbox 1257 1808 1415 1871; x_wconf 85' lang='lat' dir='ltr'><strong>quas</strong></span> <span class='ocrx_word' id='word_1_101' title='bbox 1462 1789 1688 1855; x_wconf 90' lang='lat' dir='ltr'><strong>honori</strong></span> <span class='ocrx_word' id='word_1_102' title='bbox 1732 1808 1845 1855; x_wconf 90' lang='lat' dir='ltr'><strong>sue</strong></span> <span class='ocrx_word' id='word_1_103' title='bbox 1884 1788 2082 1871; x_wconf 78' lang='lat' dir='ltr'><strong>Regie</strong></span> <span class='ocrx_word' id='word_1_104' title='bbox 2109 1788 2465 1855; x_wconf 82' lang='lat' dir='ltr'><strong>Maiestatis</strong></span> <span class='ocrx_word' id='word_1_105' title='bbox 2509 1794 2578 1855; x_wconf 86' lang='lat' dir='ltr'><strong>et</strong></span> <span class='ocrx_word' id='word_1_106' title='bbox 2613 1786 2824 1868; x_wconf 84' lang='lat' dir='ltr'><strong>modo,</strong></span> <span class='ocrx_word' id='word_1_107' title='bbox 2869 1807 2981 1854; x_wconf 89' lang='lat' dir='ltr'><strong>no-</strong></span> 
     </span>
     <span class='ocr_line' id='line_1_16' title="bbox 656 1888 2984 1975; baseline 0 -18"><span class='ocrx_word' id='word_1_108' title='bbox 656 1892 825 1958; x_wconf 79' lang='lat' dir='ltr'><strong>veris</strong></span> <span class='ocrx_word' id='word_1_109' title='bbox 846 1891 1219 1971; x_wconf 74' lang='lat' dir='ltr'><strong>convenire,</strong></span> <span class='ocrx_word' id='word_1_110' title='bbox 1280 1909 1559 1975; x_wconf 81' lang='lat' dir='ltr'><strong>expones</strong></span> <span class='ocrx_word' id='word_1_111' title='bbox 1619 1892 1789 1974; x_wconf 88' lang='lat' dir='ltr'><strong>quod</strong></span> <span class='ocrx_word' id='word_1_112' title='bbox 1848 1890 2036 1957; x_wconf 87' lang='lat' dir='ltr'><strong>libuit</strong></span> <span class='ocrx_word' id='word_1_113' title='bbox 2077 1908 2190 1957; x_wconf 89' lang='lat' dir='ltr'><strong>sue</strong></span> <span class='ocrx_word' id='word_1_114' title='bbox 2235 1890 2578 1957; x_wconf 82' lang='lat' dir='ltr'><strong>Serenitati</strong></span> <span class='ocrx_word' id='word_1_115' title='bbox 2622 1908 2742 1973; x_wconf 90' lang='lat' dir='ltr'><strong>pro</strong></span> <span class='ocrx_word' id='word_1_116' title='bbox 2783 1888 2984 1957; x_wconf 87' lang='lat' dir='ltr'><strong>multa</strong></span> 
     </span>
     <span class='ocr_line' id='line_1_17' title="bbox 659 1991 2980 2075; baseline 0 -16"><span class='ocrx_word' id='word_1_117' title='bbox 659 1994 793 2061; x_wconf 89' lang='lat' dir='ltr'><strong>eius</strong></span> <span class='ocrx_word' id='word_1_118' title='bbox 836 1992 1169 2061; x_wconf 81' lang='lat' dir='ltr'><strong>affectione</strong></span> <span class='ocrx_word' id='word_1_119' title='bbox 1206 1993 1289 2060; x_wconf 88' lang='lat' dir='ltr'><strong>ad</strong></span> <span class='ocrx_word' id='word_1_120' title='bbox 1320 2012 1456 2074; x_wconf 75' lang='lat' dir='ltr'><strong>noS,</strong></span> <span class='ocrx_word' id='word_1_121' title='bbox 1502 1994 1633 2061; x_wconf 87' lang='lat' dir='ltr'><strong>suis</strong></span> <span class='ocrx_word' id='word_1_122' title='bbox 1674 1994 1880 2061; x_wconf 88' lang='lat' dir='ltr'><strong>literis</strong></span> <span class='ocrx_word' id='word_1_123' title='bbox 1921 2012 2038 2061; x_wconf 90' lang='lat' dir='ltr'><strong>nos</strong></span> <span class='ocrx_word' id='word_1_124' title='bbox 2067 1992 2336 2059; x_wconf 87' lang='lat' dir='ltr'><strong>reddere</strong></span> <span class='ocrx_word' id='word_1_125' title='bbox 2368 1992 2693 2073; x_wconf 82' lang='lat' dir='ltr'><strong>certiores,</strong></span> <span class='ocrx_word' id='word_1_126' title='bbox 2737 1991 2818 2059; x_wconf 88' lang='lat' dir='ltr'><strong>de</strong></span> <span class='ocrx_word' id='word_1_127' title='bbox 2845 1992 2980 2075; x_wconf 84' lang='lat' dir='ltr'><strong>glo-</strong></span> 
     </span>
     <span class='ocr_line' id='line_1_18' title="bbox 656 2094 2982 2179; baseline 0 -18"><span class='ocrx_word' id='word_1_128' title='bbox 656 2097 839 2164; x_wconf 89' lang='lat' dir='ltr'><strong>riosis</strong></span> <span class='ocrx_word' id='word_1_129' title='bbox 888 2096 1191 2176; x_wconf 67' lang='lat' dir='ltr'><strong>victoriis»,</strong></span> <span class='ocrx_word' id='word_1_130' title='bbox 1242 2114 1399 2178; x_wconf 79' lang='lat' dir='ltr'><strong>quas</strong></span> <span class='ocrx_word' id='word_1_131' title='bbox 1442 2114 1721 2163; x_wconf 87' lang='lat' dir='ltr'><strong>summus</strong></span> <span class='ocrx_word' id='word_1_132' title='bbox 1762 2095 1938 2163; x_wconf 84' lang='lat' dir='ltr'><strong>Dens</strong></span> <span class='ocrx_word' id='word_1_133' title='bbox 1971 2094 2099 2162; x_wconf 86' lang='lat' dir='ltr'><strong>Sne</strong></span> <span class='ocrx_word' id='word_1_134' title='bbox 2126 2096 2326 2179; x_wconf 76' lang='lat' dir='ltr'><strong>Regis</strong></span> <span class='ocrx_word' id='word_1_135' title='bbox 2351 2094 2680 2163; x_wconf 83' lang='lat' dir='ltr'><strong>Maiestati</strong></span> <span class='ocrx_word' id='word_1_136' title='bbox 2706 2101 2773 2162; x_wconf 95' lang='lat' dir='ltr'><strong>et</strong></span> <span class='ocrx_word' id='word_1_137' title='bbox 2801 2113 2982 2162; x_wconf 88' lang='lat' dir='ltr'><strong>exer·</strong></span> 
     </span>
     <span class='ocr_line' id='line_1_19' title="bbox 660 2196 2983 2283; baseline -0 -18"><span class='ocrx_word' id='word_1_138' title='bbox 660 2196 810 2265; x_wconf 87' lang='lat' dir='ltr'><strong>citui</strong></span> <span class='ocrx_word' id='word_1_139' title='bbox 855 2196 1376 2278; x_wconf 83' lang='lat' dir='ltr'><strong>Christianorum,</strong></span> <span class='ocrx_word' id='word_1_140' title='bbox 1442 2217 1559 2265; x_wconf 89' lang='lat' dir='ltr'><strong>sua</strong></span> <span class='ocrx_word' id='word_1_141' title='bbox 1619 2196 1867 2265; x_wconf 88' lang='lat' dir='ltr'><strong>infinita</strong></span> <span class='ocrx_word' id='word_1_142' title='bbox 1925 2198 2256 2265; x_wconf 87' lang='lat' dir='ltr'><strong>clementia</strong></span> <span class='ocrx_word' id='word_1_143' title='bbox 2299 2198 2646 2266; x_wconf 86' lang='lat' dir='ltr'><strong>concedere</strong></span> <span class='ocrx_word' id='word_1_144' title='bbox 2687 2198 2983 2283; x_wconf 75' lang='lat' dir='ltr'><strong>dignatus</strong></span> 
     </span>
     <span class='ocr_line' id='line_1_20' title="bbox 656 2300 2982 2385; baseline -0 -18"><span class='ocrx_word' id='word_1_145' title='bbox 656 2308 771 2367; x_wconf 84' lang='lat' dir='ltr'><strong>est.</strong></span> <span class='ocrx_word' id='word_1_146' title='bbox 847 2301 1313 2368; x_wconf 83' lang='lat' dir='ltr'><strong>Interveniente</strong></span> <span class='ocrx_word' id='word_1_147' title='bbox 1372 2302 1563 2367; x_wconf 87' lang='lat' dir='ltr'><strong>etiam</strong></span> <span class='ocrx_word' id='word_1_148' title='bbox 1606 2320 1851 2367; x_wconf 86' lang='lat' dir='ltr'><strong>summa</strong></span> <span class='ocrx_word' id='word_1_149' title='bbox 1899 2302 2155 2382; x_wconf 83' lang='lat' dir='ltr'><strong>virtute,</strong></span> <span class='ocrx_word' id='word_1_150' title='bbox 2211 2300 2544 2385; x_wconf 86' lang='lat' dir='ltr'><strong>sapientia,</strong></span> <span class='ocrx_word' id='word_1_151' title='bbox 2589 2300 2982 2369; x_wconf 85' lang='lat' dir='ltr'><strong>excellentis-</strong></span> 
     </span>
     <span class='ocr_line' id='line_1_21' title="bbox 658 2403 3012 2485; baseline 0.001 -16"><span class='ocrx_word' id='word_1_152' title='bbox 658 2404 957 2485; x_wconf 86' lang='lat' dir='ltr'><strong>simisque</strong></span> <span class='ocrx_word' id='word_1_153' title='bbox 1025 2403 1498 2485; x_wconf 89' lang='lat' dir='ltr'><strong>operationibus</strong></span> <span class='ocrx_word' id='word_1_154' title='bbox 1560 2404 1687 2471; x_wconf 90' lang='lat' dir='ltr'><strong>Sue</strong></span> <span class='ocrx_word' id='word_1_155' title='bbox 1754 2404 2148 2471; x_wconf 79' lang='lat' dir='ltr'><strong>serenitatis.</strong></span> <span class='ocrx_word' id='word_1_156' title='bbox 2236 2404 2358 2471; x_wconf 86' lang='lat' dir='ltr'><strong>Est</strong></span> <span class='ocrx_word' id='word_1_157' title='bbox 2402 2406 2568 2472; x_wconf 89' lang='lat' dir='ltr'><strong>enim</strong></span> <span class='ocrx_word' id='word_1_158' title='bbox 2625 2423 2732 2472; x_wconf 62' lang='lat' dir='ltr'><strong>res</strong></span> <span class='ocrx_word' id='word_1_159' title='bbox 2786 2408 3012 2485; x_wconf 66' lang='lat' dir='ltr'><strong>certa,</strong></span> 
     </span>
     <span class='ocr_line' id='line_1_22' title="bbox 654 2506 2983 2590; baseline 0 -18"><span class='ocrx_word' id='word_1_160' title='bbox 654 2507 871 2573; x_wconf 88' lang='lat' dir='ltr'><strong>multis</strong></span> <span class='ocrx_word' id='word_1_161' title='bbox 916 2506 1043 2573; x_wconf 88' lang='lat' dir='ltr'><strong>iam</strong></span> <span class='ocrx_word' id='word_1_162' title='bbox 1086 2508 1425 2573; x_wconf 87' lang='lat' dir='ltr'><strong>retroactis</strong></span> <span class='ocrx_word' id='word_1_163' title='bbox 1470 2508 1863 2590; x_wconf 87' lang='lat' dir='ltr'><strong>temporibus</strong></span> <span class='ocrx_word' id='word_1_164' title='bbox 1927 2510 2236 2575; x_wconf 89' lang='lat' dir='ltr'><strong>neminem</strong></span> <span class='ocrx_word' id='word_1_165' title='bbox 2293 2506 2704 2575; x_wconf 86' lang='lat' dir='ltr'><strong>christianum</strong></span> <span class='ocrx_word' id='word_1_166' title='bbox 2749 2506 2983 2590; x_wconf 88' lang='lat' dir='ltr'><strong>princi-</strong></span> 
     </span>
     <span class='ocr_line' id='line_1_23' title="bbox 656 2609 2980 2692; baseline 0 -17"><span class='ocrx_word' id='word_1_167' title='bbox 656 2629 818 2692; x_wconf 85' lang='lat' dir='ltr'><strong>pem,</strong></span> <span class='ocrx_word' id='word_1_168' title='bbox 878 2628 1013 2676; x_wconf 88' lang='lat' dir='ltr'><strong>rem</strong></span> <span class='ocrx_word' id='word_1_169' title='bbox 1056 2615 1187 2679; x_wconf 87' lang='lat' dir='ltr'><strong>tam</strong></span> <span class='ocrx_word' id='word_1_170' title='bbox 1230 2612 1565 2678; x_wconf 81' lang='lat' dir='ltr'><strong>maximam</strong></span> <span class='ocrx_word' id='word_1_171' title='bbox 1610 2610 1972 2678; x_wconf 85' lang='lat' dir='ltr'><strong>confecisse.</strong></span> <span class='ocrx_word' id='word_1_172' title='bbox 2046 2611 2150 2678; x_wconf 84' lang='lat' dir='ltr'><strong>Ita</strong></span> <span class='ocrx_word' id='word_1_173' title='bbox 2191 2617 2263 2678; x_wconf 86' lang='lat' dir='ltr'><strong>ut</strong></span> <span class='ocrx_word' id='word_1_174' title='bbox 2305 2611 2585 2677; x_wconf 87' lang='lat' dir='ltr'><strong>dominia</strong></span> <span class='ocrx_word' id='word_1_175' title='bbox 2625 2609 2980 2678; x_wconf 85' lang='lat' dir='ltr'><strong>christiani-</strong></span> 
     </span>
     <span class='ocr_line' id='line_1_24' title="bbox 656 2710 2980 2796; baseline 0 -18"><span class='ocrx_word' id='word_1_176' title='bbox 656 2713 827 2792; x_wconf 87' lang='lat' dir='ltr'><strong>tatis,</strong></span> <span class='ocrx_word' id='word_1_177' title='bbox 873 2730 987 2778; x_wconf 87' lang='lat' dir='ltr'><strong>sue</strong></span> <span class='ocrx_word' id='word_1_178' title='bbox 1032 2710 1373 2779; x_wconf 82' lang='lat' dir='ltr'><strong>Serenitati</strong></span> <span class='ocrx_word' id='word_1_179' title='bbox 1420 2717 1771 2796; x_wconf 89' lang='lat' dir='ltr'><strong>propterea</strong></span> <span class='ocrx_word' id='word_1_180' title='bbox 1812 2713 2039 2780; x_wconf 85' lang='lat' dir='ltr'><strong>merito</strong></span> <span class='ocrx_word' id='word_1_181' title='bbox 2070 2711 2446 2794; x_wconf 83' lang='lat' dir='ltr'><strong>obligentur.</strong></span> <span class='ocrx_word' id='word_1_182' title='bbox 2515 2712 2650 2779; x_wconf 89' lang='lat' dir='ltr'><strong>Nos</strong></span> <span class='ocrx_word' id='word_1_183' title='bbox 2679 2730 2832 2779; x_wconf 79' lang='lat' dir='ltr'><strong>vero</strong></span> <span class='ocrx_word' id='word_1_184' title='bbox 2861 2731 2980 2796; x_wconf 88' lang='lat' dir='ltr'><strong>pro</strong></span> 
     </span>
     <span class='ocr_line' id='line_1_25' title="bbox 658 2814 2982 2902; baseline 0.001 -22"><span class='ocrx_word' id='word_1_185' title='bbox 658 2814 891 2880; x_wconf 86' lang='lat' dir='ltr'><strong>eisdem</strong></span> <span class='ocrx_word' id='word_1_186' title='bbox 922 2815 1223 2896; x_wconf 76' lang='lat' dir='ltr'><strong>victoriis,</strong></span> <span class='ocrx_word' id='word_1_187' title='bbox 1270 2822 1443 2882; x_wconf 90' lang='lat' dir='ltr'><strong>certe</strong></span> <span class='ocrx_word' id='word_1_188' title='bbox 1484 2815 1694 2883; x_wconf 88' lang='lat' dir='ltr'><strong>dicere</strong></span> <span class='ocrx_word' id='word_1_189' title='bbox 1725 2835 1851 2882; x_wconf 89' lang='lat' dir='ltr'><strong>non</strong></span> <span class='ocrx_word' id='word_1_190' title='bbox 1882 2833 2227 2899; x_wconf 85' lang='lat' dir='ltr'><strong>possemus,</strong></span> <span class='ocrx_word' id='word_1_191' title='bbox 2272 2821 2574 2902; x_wconf 83' lang='lat' dir='ltr'><strong>quantam</strong></span> <span class='ocrx_word' id='word_1_192' title='bbox 2602 2816 2795 2882; x_wconf 89' lang='lat' dir='ltr'><strong>animi</strong></span> <span class='ocrx_word' id='word_1_193' title='bbox 2837 2834 2982 2882; x_wconf 90' lang='lat' dir='ltr'><strong>con-</strong></span> 
     </span>
     <span class='ocr_line' id='line_1_26' title="bbox 657 2917 2980 3001; baseline 0 -17"><span class='ocrx_word' id='word_1_194' title='bbox 657 2917 1030 2984; x_wconf 81' lang='lat' dir='ltr'><strong>solationem</strong></span> <span class='ocrx_word' id='word_1_195' title='bbox 1076 2923 1505 3000; x_wconf 82' lang='lat' dir='ltr'><strong>quantumque</strong></span> <span class='ocrx_word' id='word_1_196' title='bbox 1547 2918 1845 3001; x_wconf 83' lang='lat' dir='ltr'><strong>gandium</strong></span> <span class='ocrx_word' id='word_1_197' title='bbox 1890 2919 2334 3001; x_wconf 78' lang='lat' dir='ltr'><strong>acceperimus.</strong></span> <span class='ocrx_word' id='word_1_198' title='bbox 2399 2918 2488 2984; x_wconf 90' lang='lat' dir='ltr'><strong>Et</strong></span> <span class='ocrx_word' id='word_1_199' title='bbox 2521 2917 2674 2984; x_wconf 86' lang='lat' dir='ltr'><strong>licet</strong></span> <span class='ocrx_word' id='word_1_200' title='bbox 2700 2923 2850 2986; x_wconf 90' lang='lat' dir='ltr'><strong>tunc</strong></span> <span class='ocrx_word' id='word_1_201' title='bbox 2880 2938 2980 2985; x_wconf 87' lang='lat' dir='ltr'><strong>re-</strong></span> 
     </span>
     <span class='ocr_line' id='line_1_27' title="bbox 656 3018 2982 3110; baseline 0 -24"><span class='ocrx_word' id='word_1_202' title='bbox 656 3018 1091 3103; x_wconf 87' lang='lat' dir='ltr'><strong>sponderimus</strong></span> <span class='ocrx_word' id='word_1_203' title='bbox 1136 3019 1218 3086; x_wconf 86' lang='lat' dir='ltr'><strong>ad</strong></span> <span class='ocrx_word' id='word_1_204' title='bbox 1265 3021 1483 3087; x_wconf 87' lang='lat' dir='ltr'><strong>literas</strong></span> <span class='ocrx_word' id='word_1_205' title='bbox 1526 3039 1640 3088; x_wconf 89' lang='lat' dir='ltr'><strong>sne</strong></span> <span class='ocrx_word' id='word_1_206' title='bbox 1690 3019 2084 3099; x_wconf 79' lang='lat' dir='ltr'><strong>SerenitatiS,</strong></span> <span class='ocrx_word' id='word_1_207' title='bbox 2131 3021 2525 3087; x_wconf 85' lang='lat' dir='ltr'><strong>declarantes</strong></span> <span class='ocrx_word' id='word_1_208' title='bbox 2570 3019 2774 3110; x_wconf 77' lang='lat' dir='ltr'><strong>eidem</strong></span> <span class='ocrx_word' id='word_1_209' title='bbox 2817 3022 2982 3104; x_wconf 84' lang='lat' dir='ltr'><strong>opti-</strong></span> 
     </span>
     <span class='ocr_line' id='line_1_28' title="bbox 652 3123 2981 3207; baseline 0.002 -21"><span class='ocrx_word' id='word_1_210' title='bbox 652 3139 819 3187; x_wconf 89' lang='lat' dir='ltr'><strong>mam</strong></span> <span class='ocrx_word' id='word_1_211' title='bbox 854 3127 1148 3201; x_wconf 88' lang='lat' dir='ltr'><strong>mentem,</strong></span> <span class='ocrx_word' id='word_1_212' title='bbox 1193 3128 1260 3188; x_wconf 92' lang='lat' dir='ltr'><strong>et</strong></span> <span class='ocrx_word' id='word_1_213' title='bbox 1300 3141 1609 3189; x_wconf 89' lang='lat' dir='ltr'><strong>summum</strong></span> <span class='ocrx_word' id='word_1_214' title='bbox 1653 3123 2032 3190; x_wconf 90' lang='lat' dir='ltr'><strong>desiderium</strong></span> <span class='ocrx_word' id='word_1_215' title='bbox 2071 3128 2374 3204; x_wconf 88' lang='lat' dir='ltr'><strong>nostrum,</strong></span> <span class='ocrx_word' id='word_1_216' title='bbox 2419 3123 2501 3190; x_wconf 88' lang='lat' dir='ltr'><strong>ad</strong></span> <span class='ocrx_word' id='word_1_217' title='bbox 2529 3125 2981 3207; x_wconf 84' lang='lat' dir='ltr'><strong>porrigendum</strong></span> 
     </span>
     <span class='ocr_line' id='line_1_29' title="bbox 654 3222 2979 3308; baseline 0.003 -20"><span class='ocrx_word' id='word_1_218' title='bbox 654 3222 905 3290; x_wconf 83' lang='lat' dir='ltr'><strong>favores</strong></span> <span class='ocrx_word' id='word_1_219' title='bbox 948 3227 1200 3290; x_wconf 85' lang='lat' dir='ltr'><strong>nostros</strong></span> <span class='ocrx_word' id='word_1_220' title='bbox 1243 3224 1567 3308; x_wconf 83' lang='lat' dir='ltr'><strong>galearum</strong></span> <span class='ocrx_word' id='word_1_221' title='bbox 1609 3229 1969 3292; x_wconf 87' lang='lat' dir='ltr'><strong>nostrarum</strong></span> <span class='ocrx_word' id='word_1_222' title='bbox 2012 3224 2602 3307; x_wconf 83' lang='lat' dir='ltr'><strong>suprascriptarum,</strong></span> <span class='ocrx_word' id='word_1_223' title='bbox 2645 3230 2858 3293; x_wconf 82' lang='lat' dir='ltr'><strong>tamen</strong></span> <span class='ocrx_word' id='word_1_224' title='bbox 2886 3227 2979 3294; x_wconf 78' lang='lat' dir='ltr'><strong>vi-</strong></span> 
     </span>
     <span class='ocr_line' id='line_1_30' title="bbox 658 3323 2980 3410; baseline 0.002 -19"><span class='ocrx_word' id='word_1_225' title='bbox 658 3345 793 3392; x_wconf 87' lang='lat' dir='ltr'><strong>sum</strong></span> <span class='ocrx_word' id='word_1_226' title='bbox 838 3330 939 3391; x_wconf 90' lang='lat' dir='ltr'><strong>est</strong></span> <span class='ocrx_word' id='word_1_227' title='bbox 979 3324 1161 3393; x_wconf 91' lang='lat' dir='ltr'><strong>nobis</strong></span> <span class='ocrx_word' id='word_1_228' title='bbox 1203 3344 1319 3409; x_wconf 87' lang='lat' dir='ltr'><strong>per</strong></span> <span class='ocrx_word' id='word_1_229' title='bbox 1360 3331 1427 3394; x_wconf 90' lang='lat' dir='ltr'><strong>te</strong></span> <span class='ocrx_word' id='word_1_230' title='bbox 1469 3327 1657 3393; x_wconf 88' lang='lat' dir='ltr'><strong>etiam</strong></span> <span class='ocrx_word' id='word_1_231' title='bbox 1724 3345 1839 3393; x_wconf 86' lang='lat' dir='ltr'><strong>sue</strong></span> <span class='ocrx_word' id='word_1_232' title='bbox 1894 3323 2096 3410; x_wconf 85' lang='lat' dir='ltr'><strong>Begie</strong></span> <span class='ocrx_word' id='word_1_233' title='bbox 2147 3327 2475 3404; x_wconf 86' lang='lat' dir='ltr'><strong>Maiestati</strong></span> <span class='ocrx_word' id='word_1_234' title='bbox 2516 3327 2727 3396; x_wconf 88' lang='lat' dir='ltr'><strong>facere</strong></span> <span class='ocrx_word' id='word_1_235' title='bbox 2769 3329 2980 3397; x_wconf 90' lang='lat' dir='ltr'><strong>decla-</strong></span> 
     </span>
     <span class='ocr_line' id='line_1_31' title="bbox 654 3427 2983 3500; baseline 0.003 -8"><span class='ocrx_word' id='word_1_236' title='bbox 654 3429 784 3494; x_wconf 86' lang='lat' dir='ltr'><strong>rari</strong></span> <span class='ocrx_word' id='word_1_237' title='bbox 844 3427 965 3494; x_wconf 91' lang='lat' dir='ltr'><strong>hoc</strong></span> <span class='ocrx_word' id='word_1_238' title='bbox 1025 3427 1406 3495; x_wconf 89' lang='lat' dir='ltr'><strong>desiderium</strong></span> <span class='ocrx_word' id='word_1_239' title='bbox 1466 3434 1532 3495; x_wconf 90' lang='lat' dir='ltr'><strong>et</strong></span> <span class='ocrx_word' id='word_1_240' title='bbox 1587 3435 1823 3496; x_wconf 90' lang='lat' dir='ltr'><strong>rectam</strong></span> <span class='ocrx_word' id='word_1_241' title='bbox 1886 3429 2298 3497; x_wconf 87' lang='lat' dir='ltr'><strong>intentionem</strong></span> <span class='ocrx_word' id='word_1_242' title='bbox 2351 3431 2544 3498; x_wconf 86' lang='lat' dir='ltr'><strong>animi</strong></span> <span class='ocrx_word' id='word_1_243' title='bbox 2585 3431 2804 3500; x_wconf 87' lang='lat' dir='ltr'><strong>nostri.</strong></span> <span class='ocrx_word' id='word_1_244' title='bbox 2895 3433 2983 3500; x_wconf 90' lang='lat' dir='ltr'><strong>Et</strong></span> 
     </span>
     <span class='ocr_line' id='line_1_32' title="bbox 656 3529 2980 3617; baseline 0.002 -20"><span class='ocrx_word' id='word_1_245' title='bbox 656 3529 1101 3597; x_wconf 85' lang='lat' dir='ltr'><strong>conformando</strong></span> <span class='ocrx_word' id='word_1_246' title='bbox 1146 3535 1213 3598; x_wconf 86' lang='lat' dir='ltr'><strong>te</strong></span> <span class='ocrx_word' id='word_1_247' title='bbox 1259 3549 1399 3596; x_wconf 89' lang='lat' dir='ltr'><strong>cum</strong></span> <span class='ocrx_word' id='word_1_248' title='bbox 1440 3529 1561 3612; x_wconf 90' lang='lat' dir='ltr'><strong>his,</strong></span> <span class='ocrx_word' id='word_1_249' title='bbox 1610 3551 1733 3614; x_wconf 89' lang='lat' dir='ltr'><strong>que</strong></span> <span class='ocrx_word' id='word_1_250' title='bbox 1778 3534 2070 3614; x_wconf 83' lang='lat' dir='ltr'><strong>superius</strong></span> <span class='ocrx_word' id='word_1_251' title='bbox 2128 3533 2398 3601; x_wconf 88' lang='lat' dir='ltr'><strong>diximus</strong></span> <span class='ocrx_word' id='word_1_252' title='bbox 2441 3535 2814 3617; x_wconf 89' lang='lat' dir='ltr'><strong>exponenda</strong></span> <span class='ocrx_word' id='word_1_253' title='bbox 2853 3535 2980 3602; x_wconf 88' lang='lat' dir='ltr'><strong>Re·-</strong></span> 
     </span>
    </p>
   </div>
   <div class='ocr_carea' id='block_1_4' title="bbox 657 3632 3110 3722">
    <p class='ocr_par' dir='ltr' id='par_1_6' title="bbox 657 3632 3110 3722">
     <span class='ocr_line' id='line_1_33' title="bbox 657 3632 3110 3722; baseline 0.002 -24"><span class='ocrx_word' id='word_1_254' title='bbox 657 3632 1110 3699; x_wconf 84' lang='lat' dir='ltr'><strong>verendissimo</strong></span> <span class='ocrx_word' id='word_1_255' title='bbox 1136 3632 1387 3700; x_wconf 90' lang='lat' dir='ltr'><strong>domino</strong></span> <span class='ocrx_word' id='word_1_256' title='bbox 1416 3633 1738 3700; x_wconf 79' lang='lat' dir='ltr'><strong>cardinali</strong></span> <span class='ocrx_word' id='word_1_257' title='bbox 1763 3635 2002 3718; x_wconf 81' lang='lat' dir='ltr'><strong>legato,</strong></span> <span class='ocrx_word' id='word_1_258' title='bbox 2026 3635 2312 3702; x_wconf 79' lang='lat' dir='ltr'><strong>volumus</strong></span> <span class='ocrx_word' id='word_1_259' title='bbox 2345 3635 2516 3719; x_wconf 85' lang='lat' dir='ltr'><strong>quod</strong></span> <span class='ocrx_word' id='word_1_260' title='bbox 2539 3635 2829 3705; x_wconf 84' lang='lat' dir='ltr'><strong>notifices</strong></span> <span class='ocrx_word' id='word_1_261' title='bbox 2857 3638 2983 3721; x_wconf 87' lang='lat' dir='ltr'><strong>ipsi</strong></span> <span class='ocrx_word' id='word_1_262' title='bbox 3105 3719 3110 3722; x_wconf 21' lang='grc' dir='ltr'>Ι</span> 
     </span>
    </p>
   </div>
   <div class='ocr_carea' id='block_1_5' title="bbox 653 3734 3068 4332">
    <p class='ocr_par' dir='ltr' id='par_1_7' title="bbox 653 3734 3068 4332">
     <span class='ocr_line' id='line_1_34' title="bbox 658 3734 2980 3824; baseline 0.003 -24"><span class='ocrx_word' id='word_1_263' title='bbox 658 3734 1072 3801; x_wconf 88' lang='lat' dir='ltr'><strong>Serenissimo</strong></span> <span class='ocrx_word' id='word_1_264' title='bbox 1111 3735 1291 3818; x_wconf 84' lang='lat' dir='ltr'><strong>Regi,</strong></span> <span class='ocrx_word' id='word_1_265' title='bbox 1338 3735 1509 3817; x_wconf 89' lang='lat' dir='ltr'><strong>quod</strong></span> <span class='ocrx_word' id='word_1_266' title='bbox 1551 3735 1941 3803; x_wconf 89' lang='lat' dir='ltr'><strong>deliberante</strong></span> <span class='ocrx_word' id='word_1_267' title='bbox 1971 3756 2090 3804; x_wconf 87' lang='lat' dir='ltr'><strong>sna</strong></span> <span class='ocrx_word' id='word_1_268' title='bbox 2118 3737 2476 3806; x_wconf 87' lang='lat' dir='ltr'><strong>Serenitate</strong></span> <span class='ocrx_word' id='word_1_269' title='bbox 2503 3738 2626 3806; x_wconf 89' lang='lat' dir='ltr'><strong>hoc</strong></span> <span class='ocrx_word' id='word_1_270' title='bbox 2652 3757 2804 3806; x_wconf 85' lang='lat' dir='ltr'><strong>vere</strong></span> <span class='ocrx_word' id='word_1_271' title='bbox 2830 3758 2980 3824; x_wconf 91' lang='lat' dir='ltr'><strong>pro-</strong></span> 
     </span>
     <span class='ocr_line' id='line_1_35' title="bbox 654 3837 2980 3922; baseline 0.003 -20"><span class='ocrx_word' id='word_1_272' title='bbox 654 3837 823 3904; x_wconf 88' lang='lat' dir='ltr'><strong>ximo</strong></span> <span class='ocrx_word' id='word_1_273' title='bbox 884 3855 1022 3903; x_wconf 89' lang='lat' dir='ltr'><strong>cum</strong></span> <span class='ocrx_word' id='word_1_274' title='bbox 1085 3837 1331 3920; x_wconf 88' lang='lat' dir='ltr'><strong>potenti</strong></span> <span class='ocrx_word' id='word_1_275' title='bbox 1391 3837 1693 3918; x_wconf 86' lang='lat' dir='ltr'><strong>exercitu,</strong></span> <span class='ocrx_word' id='word_1_276' title='bbox 1756 3838 1853 3904; x_wconf 92' lang='lat' dir='ltr'><strong>ire</strong></span> <span class='ocrx_word' id='word_1_277' title='bbox 1901 3845 2124 3906; x_wconf 89' lang='lat' dir='ltr'><strong>contra</strong></span> <span class='ocrx_word' id='word_1_278' title='bbox 2171 3845 2442 3922; x_wconf 89' lang='lat' dir='ltr'><strong>teucros,</strong></span> <span class='ocrx_word' id='word_1_279' title='bbox 2505 3859 2624 3908; x_wconf 88' lang='lat' dir='ltr'><strong>nos</strong></span> <span class='ocrx_word' id='word_1_280' title='bbox 2680 3841 2980 3910; x_wconf 77' lang='lat' dir='ltr'><strong>faciemus</strong></span> 
     </span>
     <span class='ocr_line' id='line_1_36' title="bbox 655 3937 2979 4022; baseline 0.004 -18"><span class='ocrx_word' id='word_1_281' title='bbox 655 3939 719 4004; x_wconf 92' lang='lat' dir='ltr'><strong>in</strong></span> <span class='ocrx_word' id='word_1_282' title='bbox 765 3938 935 4005; x_wconf 86' lang='lat' dir='ltr'><strong>facto</strong></span> <span class='ocrx_word' id='word_1_283' title='bbox 981 3937 1304 4022; x_wconf 87' lang='lat' dir='ltr'><strong>galearum</strong></span> <span class='ocrx_word' id='word_1_284' title='bbox 1370 3939 1800 4022; x_wconf 83' lang='lat' dir='ltr'><strong>predictarum</strong></span> <span class='ocrx_word' id='word_1_285' title='bbox 1841 3941 2296 4009; x_wconf 87' lang='lat' dir='ltr'><strong>mittendarum</strong></span> <span class='ocrx_word' id='word_1_286' title='bbox 2351 3942 2418 4009; x_wconf 90' lang='lat' dir='ltr'><strong>in</strong></span> <span class='ocrx_word' id='word_1_287' title='bbox 2469 3943 2760 4012; x_wconf 87' lang='lat' dir='ltr'><strong>strictum</strong></span> <span class='ocrx_word' id='word_1_288' title='bbox 2805 3944 2979 4012; x_wconf 84' lang='lat' dir='ltr'><strong>Gali-</strong></span> 
     </span>
     <span class='ocr_line' id='line_1_37' title="bbox 653 4040 2980 4128; baseline 0.003 -20"><span class='ocrx_word' id='word_1_289' title='bbox 653 4040 815 4124; x_wconf 89' lang='lat' dir='ltr'><strong>polis</strong></span> <span class='ocrx_word' id='word_1_290' title='bbox 863 4045 1167 4123; x_wconf 86' lang='lat' dir='ltr'><strong>qnantum</strong></span> <span class='ocrx_word' id='word_1_291' title='bbox 1210 4042 1564 4109; x_wconf 88' lang='lat' dir='ltr'><strong>continetur</strong></span> <span class='ocrx_word' id='word_1_292' title='bbox 1606 4043 1672 4109; x_wconf 90' lang='lat' dir='ltr'><strong>in</strong></span> <span class='ocrx_word' id='word_1_293' title='bbox 1710 4043 2076 4127; x_wconf 88' lang='lat' dir='ltr'><strong>precedenti</strong></span> <span class='ocrx_word' id='word_1_294' title='bbox 2121 4044 2396 4127; x_wconf 87' lang='lat' dir='ltr'><strong>capitulo</strong></span> <span class='ocrx_word' id='word_1_295' title='bbox 2433 4045 2842 4128; x_wconf 85' lang='lat' dir='ltr'><strong>expositionis</strong></span> <span class='ocrx_word' id='word_1_296' title='bbox 2868 4054 2980 4115; x_wconf 87' lang='lat' dir='ltr'><strong>tue</strong></span> 
     </span>
     <span class='ocr_line' id='line_1_38' title="bbox 654 4141 3068 4230; baseline 0.003 -22"><span class='ocrx_word' id='word_1_297' title='bbox 654 4141 861 4210; x_wconf 84' lang='lat' dir='ltr'><strong>fiende</strong></span> <span class='ocrx_word' id='word_1_298' title='bbox 904 4143 1073 4210; x_wconf 88' lang='lat' dir='ltr'><strong>circa</strong></span> <span class='ocrx_word' id='word_1_299' title='bbox 1115 4143 1275 4209; x_wconf 90' lang='lat' dir='ltr'><strong>hanc</strong></span> <span class='ocrx_word' id='word_1_300' title='bbox 1330 4145 1661 4212; x_wconf 86' lang='lat' dir='ltr'><strong>materiam</strong></span> <span class='ocrx_word' id='word_1_301' title='bbox 1726 4145 2050 4230; x_wconf 81' lang='lat' dir='ltr'><strong>galearum</strong></span> <span class='ocrx_word' id='word_1_302' title='bbox 2115 4146 2364 4229; x_wconf 82' lang='lat' dir='ltr'><strong>prefato</strong></span> <span class='ocrx_word' id='word_1_303' title='bbox 2429 4146 2978 4216; x_wconf 83' lang='lat' dir='ltr'><strong>Reverendissimo</strong></span> <span class='ocrx_word' id='word_1_304' title='bbox 3062 4163 3068 4169; x_wconf 86' lang='grc'><em>·</em></span> 
     </span>
     <span class='ocr_line' id='line_1_39' title="bbox 655 4243 2977 4332; baseline 0.004 -23"><span class='ocrx_word' id='word_1_305' title='bbox 655 4243 905 4322; x_wconf 87' lang='lat' dir='ltr'><strong>domino</strong></span> <span class='ocrx_word' id='word_1_306' title='bbox 948 4243 1268 4320; x_wconf 74' lang='lat' dir='ltr'><strong>cardinali</strong></span> <span class='ocrx_word' id='word_1_307' title='bbox 1327 4243 1559 4330; x_wconf 77' lang='lat' dir='ltr'><strong>legato.</strong></span> <span class='ocrx_word' id='word_1_308' title='bbox 1646 4247 1734 4314; x_wconf 88' lang='lat' dir='ltr'><strong>Et</strong></span> <span class='ocrx_word' id='word_1_309' title='bbox 1777 4247 1855 4314; x_wconf 88' lang='lat' dir='ltr'><strong>de</strong></span> <span class='ocrx_word' id='word_1_310' title='bbox 1900 4249 2310 4330; x_wconf 86' lang='lat' dir='ltr'><strong>responsione</strong></span> <span class='ocrx_word' id='word_1_311' title='bbox 2369 4267 2484 4316; x_wconf 88' lang='lat' dir='ltr'><strong>sne</strong></span> <span class='ocrx_word' id='word_1_312' title='bbox 2531 4247 2734 4332; x_wconf 75' lang='lat' dir='ltr'><strong>Regis</strong></span> <span class='ocrx_word' id='word_1_313' title='bbox 2781 4250 2977 4318; x_wconf 87' lang='lat' dir='ltr'><strong>Maie-</strong></span> 
     </span>
    </p>
   </div>
  </div>
 </body>
</html>
