3793 5187
1870 541 2018 605 ·1·1·4

788 770 951 833 quos
992 756 1419 837 prosperante
1463 749 1765 826 exercitu,
1808 752 1883 812 ut
1927 764 2254 829 speramus
2297 746 2362 813 in
2409 746 2619 815 divina
2649 748 3000 831 clementia,
3046 752 3128 817 ad

785 854 1255 939 beneplacitum
1297 861 1476 921 tuum
1517 850 1801 918 habebis,

984 976 1254 1043 Demum
1299 976 1587 1042 volumus
1632 978 1700 1040 et
1744 971 1863 1038 tibi
1892 970 2264 1037 mandamus
2295 978 2369 1038 ut
2397 976 2582 1038 caute
2615 978 2680 1040 et
2711 980 2972 1056 secrete,
3013 994 3129 1057 per

780 1077 925 1144 illos
970 1080 1196 1146 modos
1239 1080 1347 1163 qui
1394 1077 1513 1145 tibi
1557 1076 1914 1155 videantur,
1982 1093 2165 1141 cures
2216 1080 2283 1141 te
2329 1074 2674 1142 informare
2729 1076 2809 1142 de
2858 1077 2957 1143 his
3002 1097 3127 1160 que

780 1181 987 1264 magis
1044 1187 1232 1265 grata
1293 1186 1507 1248 essent
1564 1180 1733 1247 dicto
1794 1179 2049 1245 domino
2117 1178 2358 1245 decano
2418 1178 2718 1245 videlicet
2775 1179 2856 1245 de
2911 1180 3128 1263 aliqua

778 1286 964 1367 pecia
1018 1285 1213 1368 panni
1271 1289 1385 1350 aut
1440 1285 1520 1351 de
1574 1281 1951 1367 argentei-iis
2012 1281 2114 1348 vel
2172 1282 2314 1349 aliis
2371 1281 2566 1348 rebus
2617 1286 2684 1347 et
2739 1281 2950 1349 subito
3009 1302 3124 1351 nos

781 1386 1022 1455 advisa.

1086 1490 1187 1556 De
1228 1493 1415 1573 parte
1458 1492 1539 1555 27
1564 1526 1650 1537 -
1670 1490 1769 1554 23.

984 1695 1105 1763 Ser
1147 1694 1438 1761 Andreas
1480 1692 1868 1760 Mauroceno

984 1797 1106 1865 Ser
1148 1796 1489 1864 Zacharias
1533 1795 1776 1862 Bembo

985 1901 1106 1967 Ser
1144 1900 1401 1967 Marcus
1445 1898 1709 1966 Foscari
1750 1902 2132 1983 procurator
2179 1898 2516 1983 Sapientes
2564 1898 2824 1967 Consilii

978 2002 1103 2070 Ser
1146 2004 1453 2071 Nicolaus
1496 2002 1705 2069 Memo

980 2104 1101 2173 Ser
1142 2106 1445 2174 Nicolaus
1492 2107 1576 2172 da
1619 2106 1857 2172 Molino

980 2208 1101 2276 Ser
1141 2209 1514 2275 Leonardus
1554 2208 1831 2275 Venerio
1877 2208 2213 2292 Sapientes
2257 2212 2432 2274 terre
2477 2207 2659 2274 firme
2701 2210 2942 2277 Volunt
2975 2212 3120 2297 lite-

773 2330 881 2379 ras
926 2312 1397 2395 suprascriptas
1451 2310 1820 2377 scribendas
1867 2330 1985 2394 per
2031 2315 2256 2392 totum,
2311 2311 2594 2393 exceptis
2638 2312 2847 2379 verbis
2885 2314 3120 2381 notatis

772 2414 943 2481 inter
984 2414 1109 2481 duo
1158 2414 1187 2501 [
1246 2414 1273 2501 ]
1323 2415 1403 2480 de
1442 2414 1757 2497 Marogna
1792 2420 1860 2480 et
1888 2413 2133 2481 Panido
2177 2412 2606 2496 loquentibus

1078 2551 1180 2618 De
1223 2556 1410 2636 parte
1580 2553 1665 2620 54
1684 2588 1771 2601 —
1794 2552 1893 2619 65.

1076 2654 1179 2721 De
1220 2673 1347 2721 non
1583 2657 1686 2722 23.

1080 2756 1228 2824 Non
1269 2757 1499 2825 sinceri
1616 2761 1657 2826 8
1680 2795 1765 2806 —-
1789 2761 1892 2825 22.

980 2892 1247 2963 (ArcIu'm'o
1281 2893 1341 2948 da·
1372 2893 1526 2950 Stato
1572 2894 1815 2960 Venetia,

894 2976 1117 3036 Senatu
1154 2979 1399 3050 Socrati,
1437 2999 1563 3053 reg.
1602 2982 1669 3038 16
1704 2999 1751 3038 c.
1788 2981 1933 3052 104.)

1847 3291 2024 3369 LII.

1479 3429 1916 3499 ΜΒΟΟΒΧΗΙΙΙ.
1961 3432 2058 3501 die
2104 3433 2211 3501 ΙΙΙΙ.
2260 3433 2400 3500 iulii.

976 3595 1097 3664 Ser
1142 3597 1517 3666 Franciscus
1564 3597 1946 3667 Lauredano

975 3699 1097 3766 Ser
1140 3700 1432 3768 Andreas
1477 3701 1862 3769 Mauroceno

976 3801 1097 3868 Ser
1138 3802 1447 3871 Zacharia
1490 3804 1733 3872 Bembo

978 3904 1097 3972 Ser
1140 3907 1401 3974 Marcus
1448 3908 1711 3976 Foscari
1746 3915 2145 3993 procurator,
2196 3911 2532 3996 Sapientes
2581 3912 2844 3980 Consilii

1431 4016 1497 4077 et
1541 4009 1876 4093 Sapientes
1923 4013 2120 4078 Terre
2165 4013 2396 4081 Firme.

976 4145 1135 4212 Cum
1178 4145 1374 4213 faciat
1418 4166 1535 4230 pro
1582 4147 1908 4231 republica
1951 4149 2294 4218 christiana
2338 4156 2403 4218 et
2446 4152 2807 4236 specialiter
2844 4173 2963 4236 pro
2995 4173 3107 4220 no-

768 4253 903 4314 stro
962 4249 1241 4316 dominio
1310 4250 1467 4317 dare
1532 4269 1749 4318 omnes
1774 4295 1783 4305 -
1813 4252 2151 4334 possibiles
2215 4254 2464 4322 favores
2523 4263 2774 4339 sumpte
2816 4257 3114 4341 impresie

771 4355 994 4418 contra
1032 4357 1288 4420 teucros
1332 4357 1405 4419 ut
1444 4372 1569 4419 non
1616 4353 1821 4420 solum
1878 4356 2275 4425 custodiatur
2333 4358 2593 4425 strictus
2645 4359 2955 4442 Galipolis
2999 4360 3114 4426 sed

771 4453 963 4520 etiam
1008 4453 1300 4522 faveatur
1346 4455 1513 4524 felici
1560 4456 2048 4526 christianorum
2093 4461 2418 4543 exercitui,
2483 4467 2556 4528 ut
2597 4462 2958 4531 Danubium
3001 4481 3111 4531 va-
