3793 5187
1704 631 1825 696 195

612 831 793 914 regia
835 831 1191 912 Maiestate,
1237 829 1337 896 cui
1380 830 1593 900 verbis
1656 835 1954 916 gravibus
2023 841 2089 902 et
2150 836 2672 905 convenientibus
2727 856 2966 905 memo-

611 940 755 1001 rato
799 934 1085 1016 pondere
1123 933 1218 1000 rei
1263 937 1331 999 et
1378 935 1708 1003 commodo
1778 943 1974 1018 atque
2039 938 2453 1022 incommodo,
2525 939 2698 1022 quod
2763 941 2960 1006 statui

610 1037 917 1120 imprimis
961 1041 1158 1117 atque
1200 1036 1566 1104 immediate
1607 1041 1785 1122 regie
1828 1039 2220 1107 Sublimitati
2285 1061 2400 1108 sue
2463 1049 2530 1109 et
2573 1060 2962 1124 consequen·

610 1146 713 1206 ter
752 1139 1017 1220 reliquis
1062 1138 1421 1206 christianis
1465 1145 1683 1222 potest
1726 1160 1767 1207 a
1811 1145 2299 1213 conservatione
2345 1146 2411 1210 in
2456 1143 2584 1211 fide
2655 1151 2724 1211 et
2765 1145 2962 1211 devo·

611 1243 782 1310 tione
824 1242 1240 1326 suprascripti
1282 1242 1587 1326 Vayvode
1646 1245 1956 1326 accidere,
2027 1245 2376 1313 hortamini
2442 1251 2640 1330 atque
2703 1265 2964 1329 persua-

612 1346 756 1414 dete
797 1351 873 1412 ut
912 1345 1093 1428 regia
1136 1345 1500 1412 Sublimitas
1543 1347 1908 1414 oratoribus
1975 1347 2164 1430 illius,
2232 1355 2299 1415 et
2339 1351 2542 1417 eidem
2605 1351 2729 1433 ipsi
2793 1350 2964 1432 Vay·

610 1450 767 1517 vode
808 1468 923 1532 per
964 1450 1179 1515 literas
1222 1453 1290 1516 et
1329 1450 1587 1516 nuntios
1631 1449 1916 1517 declaret
1961 1456 2028 1518 et
2069 1450 2344 1519 affirmet
2387 1458 2584 1534 atque
2620 1455 2956 1536 promittat

610 1551 887 1618 favorem
931 1555 997 1618 et
1043 1551 1391 1618 subsidium
1452 1557 1878 1635 opportunum
1945 1560 2010 1620 et
2077 1554 2412 1636 sufficiens,
2481 1561 2548 1622 et
2611 1556 2698 1622 sit
2753 1556 2956 1622 forma

610 1654 943 1722 verborum
988 1659 1053 1720 et
1096 1655 1455 1737 scriptionis
1490 1659 1623 1720 tam
1664 1654 1899 1722 efficax
1958 1657 2382 1739 particularis,
2449 1665 2516 1724 et
2559 1663 2736 1725 certa
2781 1660 2951 1740 quod

607 1757 899 1839 vayvoda
939 1757 1257 1840 predictus
1306 1775 1560 1824 causam
1600 1757 1843 1824 habeat
1887 1761 2249 1827 removendi
2315 1779 2564 1827 omnem
2605 1761 2949 1846 cogitatum

608 1877 795 1924 suum
834 1877 877 1925 a
917 1859 1177 1941 praticis
1223 1858 1431 1939 Turci,
1476 1865 1543 1926 et
1584 1879 1653 1926 se
1696 1861 2107 1930 confirmandi
2161 1871 2356 1945 atque
2399 1862 2846 1946 perseverandi
2890 1865 2958 1930 in

608 1961 877 2043 pristino
922 1961 1245 2044 proposito
1286 1967 1355 2028 et
1394 1961 1725 2030 voluntate
1796 1983 1865 2030 se
1934 1971 2157 2032 contra
2205 1967 2478 2032 Turcum
2523 1967 2954 2033 conservandi.

609 2063 698 2129 Et
740 2063 1034 2148 quoniam
1078 2064 1271 2131 verba
1310 2065 1645 2131 dumtaxat
1688 2064 2028 2149 profutura
2072 2086 2201 2134 non
2243 2073 2772 2151 cognoscerentur
2813 2086 2960 2134 sua-

610 2169 755 2235 dete
798 2167 974 2247 regie
1018 2166 1406 2233 Sublimitati
1451 2172 1524 2233 ut
1566 2187 1697 2234 nou
1742 2171 2017 2252 desynat
2061 2171 2194 2236 sive
2248 2169 2498 2237 differat
2538 2175 2828 2254 prestare
2871 2171 2958 2237 ei-

609 2269 754 2336 dem
808 2269 1109 2353 Vayvode
1166 2269 1560 2336 effectualem
1622 2269 1901 2339 favorem
1973 2277 2050 2339 ut
2096 2275 2377 2355 presenti
2441 2274 2851 2341 subventione
2894 2280 2962 2341 et

609 2377 864 2456 sperato
908 2372 1144 2438 auxilio
1189 2373 1255 2437 in
1298 2370 1422 2438 fide
1462 2380 1843 2455 perseveret,
1882 2392 2023 2441 cum
2053 2380 2236 2442 tanto
2273 2376 2598 2458 beneficio,
2645 2380 2711 2444 et
2743 2395 2779 2442 e
2811 2394 2957 2441 con-

607 2492 791 2541 verso
834 2473 983 2556 fuga
1026 2475 1190 2540 tanti
1234 2473 1523 2543 maleficii
1574 2482 1885 2558 quantum
1955 2478 2037 2544 ab
2102 2479 2275 2546 illius
2343 2480 2721 2546 alienatione
2787 2483 2958 2546 esset

608 2578 799 2645 rebus
840 2577 1022 2659 regni
1064 2577 1249 2644 istius
1293 2579 1771 2660 expectandum.
1842 2580 2222 2649 Oratoribus
2265 2587 2481 2649 autem
2527 2583 2661 2649 sive
2714 2581 2951 2648 nuntiis

604 2680 909 2763 Vayvode
952 2698 1066 2746 vos
1109 2681 1425 2747 ostendite
1471 2700 1724 2747 omnem
1771 2683 2254 2750 benivolentiam
2301 2702 2515 2751 curam
2561 2690 2627 2750 et
2673 2683 2953 2749 studium

606 2784 824 2849 auxilii
871 2789 935 2848 et
978 2782 1444 2850 commodorum
1488 2774 1770 2867 suorum,
1818 2785 2272 2868 declarateque
2325 2806 2543 2854 omnes
2585 2792 2838 2853 nostras
2883 2791 2951 2851 et

603 2892 851 2953 vestras
893 2904 970 2951 ex
1016 2885 1288 2967 Imperio
1352 2892 1573 2953 nostro
1638 2888 2044 2971 operationes
2109 2889 2177 2955 iu
2241 2888 2528 2956 favorem
2589 2894 2654 2955 et
2713 2887 2952 2955 benefi-

606 2990 771 3056 cium
817 2986 1082 3071 predicti
1128 2987 1397 3054 domini:
1470 3006 1705 3070 eosque
1750 2990 2018 3057 imbuite
2061 2992 2447 3073 amplissima
2492 2996 2560 3058 et
2601 2991 2951 3058 certissima

603 3110 731 3175 spe,
778 3089 1119 3157 effectualis
1163 3090 1382 3157 auxilii
1425 3090 1548 3157 sibi
1589 3091 2092 3159 celerantissime
2157 3100 2351 3176 atque
2391 3094 2752 3159 immediate
2795 3111 2947 3159 con-

600 3193 845 3260 ferendi
888 3212 1000 3275 per
1037 3191 1363 3259 Summum
1404 3194 1763 3276 pontificem
1844 3196 1957 3277 qui
2020 3201 2084 3262 et
2147 3201 2375 3279 sponte
2441 3214 2574 3277 sua,
2643 3201 2708 3262 et
2748 3213 2944 3278 opera

601 3296 1131 3377 solicitudineque
1199 3301 1422 3362 nostra
1485 3298 1551 3362 in
1620 3297 1953 3363 commoda
2021 3301 2086 3364 et
2148 3299 2453 3366 honorem
2533 3298 2948 3380 suprascripti

603 3398 908 3481 Vayvode
950 3399 1520 3466 mirumimmodum
1562 3418 1927 3483 propensus
1991 3404 2058 3466 et
2121 3400 2460 3468 inclinatus
2508 3407 2624 3467 est.
2709 3400 2798 3466 Et
2839 3420 2949 3468 vos

605 3502 745 3584 ipse
782 3500 1045 3567 scribite
1087 3500 1277 3567 etiam
1321 3504 1400 3567 ad
1432 3502 1805 3585 Vayvodam
1849 3502 1916 3567 in
1965 3501 2131 3570 hunc
2167 3503 2436 3569 cundem
2473 3503 2762 3571 effectum
2806 3502 2950 3569 hor-

602 3604 827 3669 temini
893 3607 961 3668 et
1026 3602 1393 3671 confirmate
1452 3605 1631 3672 illum
1695 3604 1762 3670 in
1830 3608 2073 3688 optimo
2117 3624 2232 3673 suo
2273 3608 2618 3690 proposito.
2707 3606 2796 3671 Et
2839 3606 2948 3672 ubi

600 3706 912 3771 Emanucl
954 3705 1343 3772 licentiosius
1388 3724 1579 3788 quam
1626 3708 1968 3773 conveniat
2002 3709 2374 3791 loqueretur
2415 3713 2526 3774 aut
2567 3714 2788 3791 ageret
2827 3726 2944 3773 vos

599 3826 742 3874 eum
787 3812 1037 3873 monete
1080 3811 1155 3873 ut
1198 3810 1570 3889 prudentius
1614 3815 1682 3876 et
1732 3812 2118 3878 reservatius
2171 3816 2338 3894 agat,
2404 3812 2817 3894 suppletaque
2855 3811 2940 3877 ad

600 3910 811 3977 omnia
855 3929 971 3992 per
1014 3915 1289 3977 vestram
1332 3913 1735 3994 prudentiam
1790 3920 1860 3981 et
1900 3914 2301 3996 gravitatem.

810 4012 1014 4096 Super
1058 4018 1421 4094 aptamento
1464 4016 2050 4082 controversiarum
2093 4034 2233 4082 cum
2299 4016 2695 4099 Imperatore
2738 4020 2806 4082 et
2847 4035 2946 4082 re-

598 4116 781 4198 gibus
823 4116 1088 4182 Polonie
1133 4118 1198 4182 et
1240 4115 1514 4191 Boemie,
1557 4117 1795 4200 pluries
1838 4118 1921 4185 ad
1968 4136 2083 4184 vos
2124 4118 2513 4199 scripsimus.
2603 4118 2734 4185 Sed
2778 4136 2936 4200 quo-

599 4220 773 4284 niam
818 4218 883 4285 id
914 4237 1089 4285 ·esse
1154 4238 1364 4285 rerum
1428 4222 1704 4287 omnium
1771 4222 1934 4288 bene
1997 4223 2408 4305 gerendarum
2469 4220 2944 4287 fundamentum

597 4338 845 4403 semper
882 4340 1099 4389 sumus
1137 4321 1429 4388 arbitrati
1492 4327 1559 4387 et
1615 4324 2021 4406 arbitramur,
2095 4343 2220 4390 non
2286 4324 2368 4391 ab
2413 4344 2483 4390 re
2526 4324 2940 4391 iudicavimus

596 4422 777 4491 vobis
822 4424 1068 4490 iterum·
1092 4442 1441 4491 memorare
1484 4430 1552 4491 et
1592 4426 1938 4509 imponere,
1987 4431 2059 4493 ut
2118 4446 2257 4493 cum
2393 4426 2496 4511 gia
2540 4424 2944 4493 Sublimitate

595 4527 941 4608 operemini
987 4528 1267 4594 studiose
1295 4534 1360 4595 et
1398 4528 1731 4609 diligenter
1776 4530 1948 4611 quod
1991 4530 2236 4598 indutie
2277 4444 2700 4631 qssprogentur
2745 4529 2938 4596 etiam

2633 4648 2728 4703 14*
