3793 5187
1719 616 1840 684 187

607 822 931 889 Summum
991 819 1344 906 pontificem
1405 839 1546 888 eum
1607 823 1901 890 universa
1966 825 2141 889 curia
2195 822 2470 889 excitare
2514 829 2580 889 et
2626 823 2969 907 impellere·

605 926 1036 992 contendimus
1099 926 1182 991 ad
1238 922 1526 990 ferendas
1583 926 1903 1010 suppetias
1946 926 2117 1008 regie
2159 925 2491 991 Maiestati
2534 925 2643 991 ubi
2688 929 2945 994 tandem

604 1027 1015 1094 deliberatum
1053 1030 1170 1107 est,
1217 1032 1290 1092 ut
1331 1045 1492 1092 unus
1529 1026 1882 1094 cardinalis
1926 1027 2511 1094 Reverendissimus
2554 1029 2795 1095 scilicet
2836 1030 2948 1096 do-

605 1131 811 1196 minus
873 1130 1276 1197 Navariensis
1334 1130 1580 1212 legatus
1630 1131 1708 1196 de
1761 1130 1967 1197 latere
2010 1129 2385 1197 festinanter
2425 1130 2638 1197 veniat
2681 1133 2762 1198 ad
2805 1131 2957 1198 illas

606 1237 820 1314 partes
861 1237 929 1299 et
970 1250 1181 1300 secum
1223 1231 1466 1300 deferat
1528 1230 1758 1299 bonam
1825 1233 2235 1316 pecuniarum
2290 1233 2604 1300 contribui
2646 1233 2953 1300 delibera-

605 1339 816 1400 tarum
861 1340 1124 1416 partem,
1169 1334 1634 1418 expendendam
1676 1335 1743 1401 in
1785 1334 2132 1402 subsidium
2179 1340 2246 1400 et
2291 1339 2711 1402 tutamentum
2742 1356 2951 1404 rerum

607 1436 1106 1503 christianarum.
1197 1437 1315 1517 Qui
1351 1438 1599 1522 legatus
1639 1455 1850 1504 curam
1899 1439 2090 1505 etiam
2149 1442 2217 1504 et
2269 1438 2675 1505 autoritatem
2719 1438 2953 1528 habeat

604 1541 1139 1622 prorogandarum
1201 1539 1585 1606 indutiarum
1648 1543 1715 1604 et
1755 1527 2320 1623 componendarum
2386 1541 2951 1607 controversiarum

608 1646 673 1707 et
710 1643 1177 1707 contentionum
1222 1661 1361 1708 cum
1405 1641 1794 1724 Imperatore
1846 1647 1913 1710 et
1972 1641 2225 1724 regibus
2268 1641 2523 1708 Polonie
2566 1648 2633 1709 et
2667 1643 2947 1726 Boemie,

603 1763 684 1811 ne
725 1745 1168 1828 impedimento
1210 1745 1319 1811 ille
1359 1745 1490 1810 sint
1531 1743 1720 1810 rebus
1763 1744 1924 1810 bene
1962 1746 2272 1828 gerendiS,
2338 1745 2501 1812 sicut
2554 1743 2959 1829 plurifariam-

605 1865 744 1914 esse
785 1852 1068 1930 possunt,
1136 1848 1259 1912 nisi
1316 1852 1431 1913 aut
1491 1845 1913 1930 pacificentur,
1984 1852 2097 1914 aut
2155 1849 2239 1914 ad
2282 1848 2535 1932 longum
2579 1847 2949 1915 differantur

605 1955 873 2032 tempus,
947 1951 1300 2016 huiusmodi
1347 1949 1521 2016 facta
1562 1953 1661 2016 est
1702 1949 2000 2016 salutaris
2042 1951 2264 2018 iuditio
2305 1956 2531 2017 nostro
2575 1949 2946 2018 deliberatio

604 2071 716 2134 per
759 2052 1084 2118 Summum
1122 2051 1498 2136 pontificem,
1569 2057 1901 2136 postquam
1941 2053 2063 2136 ipsi
2109 2072 2188 2120 ex
2229 2054 2405 2120 curia
2455 2054 2796 2120 discessere
2844 2055 2953 2120 ad-

605 2155 739 2222 dito
780 2156 861 2222 ad
904 2156 1204 2239 optimam
1263 2154 1684 2240 pontificalem
1729 2155 2219 2238 dispositionem,
2285 2160 2352 2223 et
2390 2154 2779 2222 voluntatem
2824 2162 2955 2222 stu-

604 2257 779 2324 diosa
821 2276 1013 2342 opera
1055 2263 1121 2324 et
1161 2258 1485 2341 diligentia
1528 2262 1766 2338 nostra,
1815 2259 1925 2340 qui
1972 2258 2147 2342 regia
2190 2258 2453 2325 comoda
2492 2277 2618 2324 non
2662 2277 2840 2326 secus
2874 2276 2953 2325 ac

603 2361 858 2444 propria.
919 2380 1162 2445 semper
1224 2360 1694 2444 procuravimus
1737 2365 1803 2426 et
1845 2361 2241 2442 procuraturi
2288 2379 2523 2427 sumuS.
2593 2352 2829 2427 Verum
2858 2367 2948 2430 ut

605 2481 683 2528 ex
723 2463 1078 2530 huiusmodi
1121 2463 1567 2530 deliberatione
1609 2467 1676 2528 et
1718 2463 1943 2529 ceteris
1988 2461 2294 2544 omnibus,
2335 2481 2460 2546 que
2498 2462 2636 2530 fieri
2677 2462 2745 2528 iu
2784 2463 2953 2529 diem

604 2571 903 2649 poterunt
943 2565 1184 2633 fructus
1225 2571 1292 2633 et
1331 2563 1698 2633 beneficium
1746 2565 1886 2649 oapi
1930 2565 2130 2650 possit
2188 2569 2511 2649 speratum
2553 2570 2620 2631 et
2664 2582 2956 2632 necessa-

604 2671 770 2737 rium
811 2668 1210 2736 Maiestatem
1253 2668 1491 2752 regiam
1553 2668 1870 2735 hortatatn
1940 2687 2051 2753 per
2111 2669 2283 2753 ipsos
2352 2674 2637 2736 oratores
2704 2686 2957 2735 suasam

607 2777 673 2839 et
714 2790 1078 2857 persuasam
1123 2790 1261 2839 esse
1301 2770 1586 2838 volumus
1645 2772 1926 2839 animum
1990 2772 2251 2839 inducat
2303 2776 2371 2837 et
2420 2772 2809 2857 propositum
2848 2770 2954 2837 fir-

606 2880 738 2942 met
781 2876 863 2943 ad
905 2874 1302 2959 pacificanda·
1353 2876 1606 2960 negotia
1667 2876 1880 2942 omnia
1927 2883 2056 2942 tam
2108 2894 2251 2942 cum
2296 2876 2701 2958 Imperatore,
2768 2893 2956 2958 quam

608 2996 748 3044 cum
791 2978 1086 3062 predictis
1129 2978 1336 3060 rebus,
1381 2984 1456 3044 ut
1497 2980 1750 3061 negotia
1789 2978 2136 3047 christiana
2178 2997 2256 3044 ex
2300 2978 2469 3044 omni
2509 2982 2691 3062 parte
2734 2978 2971 3044 melius-

607 3086 673 3147 et
712 3080 958 3148 facilius
998 3082 1366 3165 dirigantur,
1434 3081 1901 3164 reddanturque
1937 3100 2154 3148 omnes
2197 3080 2523 3148 liberiores
2565 3080 2648 3147 ad
2690 3098 2767 3145 ea
2809 3099 2950 3162 per-

605 3184 866 3267 agenda,
926 3202 1048 3269 que
1089 3203 1205 3268 pro
1247 3184 1458 3251 favore
1504 3185 1896 3269 negotiorum
1942 3184 2369 3267 predictorum
2410 3182 2762 3250 necessaria
2803 3183 2962 3249 sint..

808 3286 930 3353 Per
970 3286 1327 3353 huiusmodi
1368 3304 1716 3354 sermonem
1753 3290 1820 3353 et
1861 3286 2241 3353 amicissima
2269 3284 2461 3353 verba
2489 3290 2713 3353 nostra
2738 3285 2954 3352 iuncta

607 3404 749 3454 cum
791 3388 1028 3455 nostris
1069 3389 1539 3473 operationibus
1606 3392 1872 3471 possunt
1934 3388 2405 3474 Magnificencie
2454 3406 2568 3455 sue
2608 3387 2691 3453 de
2736 3392 2957 3453 nostra

600 3490 968 3573 intentione,
1025 3510 1214 3576 quam
1278 3490 1630 3575 intelligere
1697 3491 1958 3574 petiere,
2029 3491 2401 3575 promittere
2459 3496 2529 3558 et
2592 3506 2967 3557 asseverare

602 3595 774 3678 regie
836 3592 1208 3661 Celsitudini
1269 3611 1660 3679 quecumque
1716 3594 1857 3676 ipse
1913 3594 1995 3661 de
2046 3594 2424 3661 amicissimo
2467 3598 2535 3660 et
2576 3590 2953 3660 coniunctis-

604 3696 762 3763 simo
804 3695 1088 3783 principe
1131 3700 1198 3762 et
1240 3695 1566 3763 dominatu
1598 3713 1861 3779 sperare
1908 3700 2021 3763 aut
2066 3714 2293 3779 cupere
2347 3698 2557 3779 potest
2598 3694 2663 3761 in
2704 3692 2962 3761 comuni.

603 3798 938 3881 presertim
977 3798 1232 3885 negotio
1277 3796 1422 3865 fidei
1465 3802 1532 3865 et
1571 3798 1889 3883 religionis
1934 3798 2309 3883 proprieque
2342 3796 2841 3866 conservationis
2884 3798 2963 3862 et·

603 3901 829 3969 salutis
870 3902 1170 3969 adversus
1211 3900 1498 3967 comunia
1533 3900 1832 3985 pericula.

851 4003 952 4071 De
991 4008 1174 4087 parte
1304 4002 1445 4069 145.

850 4106 951 4175 De
991 4124 1118 4177 non
1388 4110 1442 4173 1.

851 4210 995 4279 Non
1038 4209 1264 4277 sinceri
1386 4209 1444 4272 1.

911 4328 1178 4401 ‹Aroma›
1211 4326 1271 4383 an·
1301 4325 1456 4383 Stato
1488 4328 1544 4383 in
1590 4326 1851 4399 rema).

669 4414 1098 4475 Deliberazioni
1134 4414 1348 4473 Senato
1384 4414 1620 4483 Set-reti,
1654 4430 1774 4486 reg.
1811 4414 1878 4469 27
1916 4432 1965 4473 c.
2008 4414 2127 4469 132.
