3793 5187
1837 622 1960 688 163

703 826 1188 910 Magnificencia
1231 827 1362 894 Sua
1425 828 1505 894 ab
1567 827 1706 908 ipso
1767 827 2071 908 pontifice
2126 825 2467 910 intelliget,
2530 829 2587 894 si
2648 827 2817 894 forte
2876 829 3057 912 regio

709 931 974 1014 imperio
1019 932 1082 996 in
1129 931 1367 998 curiam
1414 936 1514 996 est
1548 930 1968 1014 profecturus.

954 1035 1050 1100 De
1093 1039 1278 1115 parte
1341 1036 1482 1099 161.

955 1137 1054 1202 De
1095 1154 1225 1202 non
1420 1137 1480 1201 Ο.

957 1239 1102 1303 Non
1147 1239 1380 1305 sinceri
1427 1241 1482 1304 1.

1045 1375 1312 1442 (Archivae'o
1348 1374 1408 1428 di
1440 1373 1594 1428 Stato
1635 1375 1686 1427 in
1735 1373 1995 1432 venezia).

784 1459 1218 1514 Deliberazioni
1253 1459 1467 1514 Senato
1505 1459 1732 1523 Secreti,
1767 1475 1889 1530 reg.
1925 1458 1991 1514 27
2028 1476 2076 1514 8.
2116 1461 2217 1514 119
2250 1465 2291 1513 t.

1932 1633 2139 1648 ΜΝΛΑ)

1743 1819 2046 1894 LXXI.

1127 1973 1552 2041 MGGGGLXW.
1598 1975 1694 2041 die
1735 1976 1836 2042 νΙΙ.
1867 1975 2125 2042 Ianuarii
2170 1979 2360 2052 (more
2390 1974 2649 2055 veneto).

810 2140 1071 2207 Summa
1115 2143 1388 2208 secunde
1429 2143 1834 2224 expositionis
1877 2143 2251 2226 Spectabilis
2303 2143 2645 2212 Calimachi
2692 2144 2977 2212 Oratoris

1471 2246 1660 2328 Regis
1702 2245 1964 2313 Polonie
2006 2247 2121 2312 hec
2160 2246 2299 2312 fnit.

929 2363 1010 2428 El
1055 2383 1212 2430 sono
1257 2383 1369 2446 rer
1409 2365 1554 2430 finir
1596 2366 1657 2431 18
1699 2369 1965 2447 treugue
2005 2367 2104 2432 fra
2146 2367 2206 2432 el
2234 2368 2329 2434 Re
2370 2368 2449 2434 de
2484 2368 2748 2434 Polonia
2792 2371 2858 2433 et
2898 2367 3064 2433 Boe-

723 2466 854 2532 mia
897 2485 1038 2532 cum
1079 2467 1138 2532 el
1179 2467 1272 2531 Re
1313 2467 1562 2532 Mathia
1602 2469 1680 2534 de
1723 2468 2050 2550 Hungaria
2110 2471 2177 2534 in
2240 2470 2300 2535 le
2361 2469 2507 2552 qual
2550 2470 2879 2536 interviem
2921 2471 3063 2534 lim-

722 2569 1013 2651 perador.
1104 2569 1192 2635 Et
1235 2568 1355 2635 ben
1403 2570 1516 2635 che
1559 2571 1943 2652 limperador
2007 2570 2194 2639 habia
2252 2573 2447 2640 molto
2511 2573 2826 2641 solicitato
2872 2571 2932 2638 el
2972 2573 3065 2639 Re

721 2673 802 2737 de
836 2672 1095 2738 Polonia
1140 2672 1244 2737 ala
1287 2672 1568 2738 fractura
1612 2674 1690 2739 de
1733 2674 1943 2756 quelle
1983 2676 2196 2743 avanti
2240 2676 2298 2741 el
2341 2680 2571 2756 temp0,
2612 2680 2678 2741 et
2719 2677 2797 2741 de
2839 2682 3063 2757 questo

721 2794 802 2841 ne
853 2775 950 2841 sia
995 2775 1190 2841 anche
1233 2780 1402 2841 stato
1467 2775 1878 2843 volontaroxo
1944 2781 2009 2843 et
2080 2779 2341 2844 ardente
2402 2778 2461 2843 el
2532 2778 2626 2843 Re
2668 2779 2747 2843 de
2804 2778 3068 2844 Boemia

723 2897 900 2945 come
944 2876 1166 2945 onfexo
1211 2880 1295 2944 da
1339 2879 1587 2945 Mathia
1649 2884 1716 2945 et
1783 2898 1963 2945 come
2004 2898 2272 2946 zevene:
2326 2882 2562 2946 Addita
2605 2899 2646 2946 a
2689 2886 2909 2961 queste
2948 2880 3067 2946 doe

721 2980 1062 3063 impelente
1106 2983 1464 3048 conditione
1534 2988 1758 3063 questa
1825 2984 1992 3049 altra
2064 2985 2359 3050 occaxion
2402 2990 2468 3050 et
2526 2983 2839 3049 comodita
2882 2983 2961 3048 de
3003 2983 3067 3048 la

735 3083 964 3167 moglie
1003 3085 1166 3150 tolta
1213 3084 1518 3151 duchessa
1582 3087 1660 3151 de
1729 3084 1933 3152 Slesia
1993 3090 2251 3168 potente
2313 3086 2395 3152 de
2458 3091 2625 3151 stato
2672 3104 2705 3151 e
2748 3085 2926 3151 richa
2988 3086 3069 3151 de

728 3186 988 3251 danari:
1035 3204 1158 3265 pur
1203 3187 1262 3251 el
1301 3205 1374 3251 re
1417 3187 1496 3253 de
1541 3188 1801 3253 Polonia
1863 3206 2039 3253 come
2094 3193 2267 3253 recto
2331 3193 2397 3253 et
2454 3187 2621 3254 fedel
2668 3186 2899 3269 Signor
2941 3205 3067 3253 non

725 3289 812 3353 ha
853 3288 1070 3355 voluta
1113 3291 1424 3370 passendo
1466 3289 1620 3356 luno
1663 3310 1698 3356 e
1739 3291 1929 3357 laltro
1974 3310 2087 3356 zoe
2121 3290 2498 3372 limperador
2542 3296 2611 3356 et
2652 3290 2711 3355 el
2739 3290 2883 3355 fiolo
2928 3308 3067 3355 88111

727 3391 792 3455 81
837 3396 1122 3458 termene
1162 3392 1240 3458 de
1282 3392 1344 3457 le
1387 3398 1666 3475 treugue.
1757 3394 1902 3459 Uno
1944 3394 2108 3459 altro
2156 3393 2353 3461 anche
2417 3398 2698 3476 respecto
2742 3394 2804 3459 lo
2847 3393 2932 3459 ha
2973 3412 3068 3459 re-

727 3499 948 3560 tenuto
998 3494 1112 3560 8118
1157 3514 1192 3560 8
1234 3495 1444 3577 quello
1503 3495 1620 3561 8118
1684 3496 2063 3577 limperador
2132 3496 2349 3562 voleva
2404 3496 2520 3563 che
2582 3497 2937 3579 acquistato
3005 3501 3070 3562 et

725 3598 1002 3663 renduto
1039 3596 1301 3677 pacifico
1349 3598 1408 3663 el
1451 3598 1595 3663 fiolo
1658 3599 1760 3665 del
1817 3600 1913 3665 Re
1976 3600 2055 3665 de
2097 3599 2359 3664 Polonia
2420 3601 2487 3665 in
2544 3600 2833 3665 universo
2879 3618 3067 3681 regno

721 3700 982 3765 Boemie
1025 3701 1176 3766 luno
1221 3720 1258 3765 e
1300 3700 1487 3766 laltro
1529 3721 1597 3769 re
1625 3703 1688 3766 10
1719 3702 1999 3767 aiutasse
2042 3702 2132 3767 lui
2162 3703 2265 3768 alo
2302 3703 2589 3785 acquisto
2619 3702 2722 3768 del
2749 3720 2960 3767 reame
2992 3702 3071 3767 de

723 3803 1054 3887 Hungaria
1092 3823 1204 3886 per
1249 3822 1364 3871 suo
1409 3803 1572 3885 fiolo,
1631 3804 1691 3871 el
1733 3804 1847 3869 che
1887 3822 2015 3869 non
2058 3804 2235 3871 voria
2276 3803 2334 3870 el
2376 3823 2446 3870 re
2488 3805 2567 3871 (18
2612 3804 2889 3886 Ρο101118,
2928 3823 3069 3886 per-

723 3907 842 3972 che
883 3911 1112 3988 questa
1154 3907 1324 3971 saria
1386 3926 1514 3971 una
1557 3906 1912 3973 voluntaria
1976 3906 2289 3989 privation
2360 3907 2440 3973 de
2508 3924 2625 3973 suo
2682 3908 2816 3973 11011
2874 3907 2954 3973 (18
3012 3907 3073 3971 18

725 4028 924 4075 raxon
971 4007 1350 4076 hereditarie
1391 4009 1494 4075 del
1534 4026 1746 4075 reame
1789 4009 1867 4073 de
1902 4007 2231 4091 Hungaria
2270 4010 2333 4073 al
2378 4009 2527 4091 qual
2570 4010 2781 4091 aspira
2816 4028 2928 4090 per
2956 4026 3070 4075 suo

725 4111 996 4176 secondo
1037 4111 1270 4193 genito.

931 4214 1495 4297 Approsimandosi
1539 4216 1831 4297 adonqne
1877 4214 1943 4279 in
1986 4219 2210 4296 queste
2271 4218 2635 4296 pentecoste
2692 4214 2750 4279 el
2794 4217 3071 4280 termene

719 4318 808 4383 de
851 4316 912 4382 18
957 4320 1224 4400 treugue
1275 4317 1596 4384 facendosi
1639 4317 1703 4383 la
1743 4318 2195 4400 prorogatione
2258 4334 2450 4399 segue
2491 4316 2699 4399 questi
2739 4316 2886 4383 beni
2931 4316 3071 4382 chel

723 4438 801 4485 re
845 4418 1090 4487 Mathia
1133 4440 1259 4487 11011
1301 4440 1371 4487 se
1409 4422 1648 4487 diverte
1712 4422 1794 4487 da
1861 4421 1926 4487 18
1990 4438 2101 4487 soa
2162 4422 2439 4504 imprexa
2500 4421 2643 4485 anzi
2681 4419 2793 4502 piu
2836 4420 3074 4487 valida-

725 4528 940 4589 mente
1005 4541 1046 4589 8
1103 4523 1320 4606 quella
1361 4528 1546 4609 potra
1593 4523 1901 4589 attendet.
1988 4523 2069 4588 El
2109 4542 2179 4590 re
2242 4525 2323 4589 de
2380 4522 2647 4589 Polonia
2688 4523 3075 4589 simelmente

2765 4641 2873 4695 12*
