<?xml version="1.0" encoding="UTF-8"?>
<!DOCTYPE html PUBLIC "-//W3C//DTD XHTML 1.0 Transitional//EN"
    "http://www.w3.org/TR/xhtml1/DTD/xhtml1-transitional.dtd">
<html xmlns="http://www.w3.org/1999/xhtml" xml:lang="en" lang="en">
 <head>
  <title>
</title>
<meta http-equiv="Content-Type" content="text/html;charset=utf-8" />
  <meta name='ocr-system' content='tesseract 3.04.00' />
  <meta name='ocr-capabilities' content='ocr_page ocr_carea ocr_par ocr_line ocrx_word'/>
</head>
<body>
  <div class='ocr_page' id='page_1' title='image "./fontesrerumpolo00unkngoog_0031.png"; bbox 0 0 3793 5187; ppageno 0'>
   <div class='ocr_carea' id='block_1_1' title="bbox 732 417 3160 4406">
    <p class='ocr_par' dir='ltr' id='par_1_1' title="bbox 740 417 3160 2346">
     <span class='ocr_line' id='line_1_1' title="bbox 1876 417 1962 479; baseline 0.012 -1"><span class='ocrx_word' id='word_1_1' title='bbox 1876 417 1962 479; x_wconf 84' lang='lat'><strong>24</strong></span> 
     </span>
     <span class='ocr_line' id='line_1_2' title="bbox 744 616 3080 701; baseline -0.001 -17"><span class='ocrx_word' id='word_1_2' title='bbox 744 619 1011 684; x_wconf 82' lang='lat' dir='ltr'><strong>durante</strong></span> <span class='ocrx_word' id='word_1_3' title='bbox 1075 617 1195 684; x_wconf 86' lang='lat' dir='ltr'><strong>hac</strong></span> <span class='ocrx_word' id='word_1_4' title='bbox 1248 621 1529 700; x_wconf 80' lang='lat' dir='ltr'><strong>treugua,</strong></span> <span class='ocrx_word' id='word_1_5' title='bbox 1588 619 1761 684; x_wconf 85' lang='lat' dir='ltr'><strong>salvo</strong></span> <span class='ocrx_word' id='word_1_6' title='bbox 1820 620 1984 701; x_wconf 88' lang='lat' dir='ltr'><strong>quod</strong></span> <span class='ocrx_word' id='word_1_7' title='bbox 2043 619 2327 684; x_wconf 88' lang='lat' dir='ltr'><strong>volumus</strong></span> <span class='ocrx_word' id='word_1_8' title='bbox 2385 618 2552 700; x_wconf 89' lang='lat' dir='ltr'><strong>quod</strong></span> <span class='ocrx_word' id='word_1_9' title='bbox 2612 618 2862 684; x_wconf 89' lang='lat' dir='ltr'><strong>omnino</strong></span> <span class='ocrx_word' id='word_1_10' title='bbox 2903 616 3080 683; x_wconf 89' lang='lat' dir='ltr'><strong>nobis</strong></span> 
     </span>
     <span class='ocr_line' id='line_1_3' title="bbox 743 720 3079 802; baseline 0 -17"><span class='ocrx_word' id='word_1_11' title='bbox 743 721 1168 786; x_wconf 77' lang='lat' dir='ltr'><strong>restituantur</strong></span> <span class='ocrx_word' id='word_1_12' title='bbox 1211 721 1515 801; x_wconf 57' lang='lat' dir='ltr'><strong>civitates</strong></span> <span class='ocrx_word' id='word_1_13' title='bbox 1574 727 1739 787; x_wconf 90' lang='lat' dir='ltr'><strong>terre</strong></span> <span class='ocrx_word' id='word_1_14' title='bbox 1782 727 1846 787; x_wconf 91' lang='lat' dir='ltr'><strong>et</strong></span> <span class='ocrx_word' id='word_1_15' title='bbox 1886 723 2023 788; x_wconf 84' lang='lat' dir='ltr'><strong>loca</strong></span> <span class='ocrx_word' id='word_1_16' title='bbox 2065 721 2280 788; x_wconf 88' lang='lat' dir='ltr'><strong>ablata</strong></span> <span class='ocrx_word' id='word_1_17' title='bbox 2325 726 2539 787; x_wconf 88' lang='lat' dir='ltr'><strong>nostro</strong></span> <span class='ocrx_word' id='word_1_18' title='bbox 2581 721 2870 800; x_wconf 79' lang='lat' dir='ltr'><strong>dominic,</strong></span> <span class='ocrx_word' id='word_1_19' title='bbox 2933 720 3079 802; x_wconf 84' lang='lat' dir='ltr'><strong>quia</strong></span> 
     </span>
     <span class='ocr_line' id='line_1_4' title="bbox 746 823 3078 906; baseline 0 -19"><span class='ocrx_word' id='word_1_20' title='bbox 746 823 1001 888; x_wconf 85' lang='lat' dir='ltr'><strong>fuerunt</strong></span> <span class='ocrx_word' id='word_1_21' title='bbox 1045 829 1348 906; x_wconf 88' lang='lat' dir='ltr'><strong>occupata</strong></span> <span class='ocrx_word' id='word_1_22' title='bbox 1388 829 1531 905; x_wconf 88' lang='lat' dir='ltr'><strong>post</strong></span> <span class='ocrx_word' id='word_1_23' title='bbox 1574 823 2108 906; x_wconf 83' lang='lat' dir='ltr'><strong>interpositionem</strong></span> <span class='ocrx_word' id='word_1_24' title='bbox 2166 823 2336 905; x_wconf 87' lang='lat' dir='ltr'><strong>Pape</strong></span> <span class='ocrx_word' id='word_1_25' title='bbox 2394 841 2506 905; x_wconf 88' lang='lat' dir='ltr'><strong>per</strong></span> <span class='ocrx_word' id='word_1_26' title='bbox 2547 827 2756 905; x_wconf 89' lang='lat' dir='ltr'><strong>partes</strong></span> <span class='ocrx_word' id='word_1_27' title='bbox 2799 827 3078 905; x_wconf 85' lang='lat' dir='ltr'><strong>accepta-</strong></span> 
     </span>
     <span class='ocr_line' id='line_1_5' title="bbox 748 925 3078 1009; baseline -0.001 -17"><span class='ocrx_word' id='word_1_28' title='bbox 748 932 881 992; x_wconf 86' lang='lat' dir='ltr'><strong>tam</strong></span> <span class='ocrx_word' id='word_1_29' title='bbox 917 930 981 992; x_wconf 90' lang='lat' dir='ltr'><strong>et</strong></span> <span class='ocrx_word' id='word_1_30' title='bbox 1024 926 1431 1008; x_wconf 74' lang='lat' dir='ltr'><strong>promittatur</strong></span> <span class='ocrx_word' id='word_1_31' title='bbox 1471 926 1651 992; x_wconf 90' lang='lat' dir='ltr'><strong>nobis</strong></span> <span class='ocrx_word' id='word_1_32' title='bbox 1703 947 1817 1009; x_wconf 90' lang='lat' dir='ltr'><strong>pro</strong></span> <span class='ocrx_word' id='word_1_33' title='bbox 1859 928 2046 993; x_wconf 91' lang='lat' dir='ltr'><strong>terris</strong></span> <span class='ocrx_word' id='word_1_34' title='bbox 2089 926 2320 992; x_wconf 91' lang='lat' dir='ltr'><strong>nostris</strong></span> <span class='ocrx_word' id='word_1_35' title='bbox 2363 927 2428 992; x_wconf 93' lang='lat' dir='ltr'><strong>in</strong></span> <span class='ocrx_word' id='word_1_36' title='bbox 2472 925 2696 1009; x_wconf 88' lang='lat' dir='ltr'><strong>quibus</strong></span> <span class='ocrx_word' id='word_1_37' title='bbox 2745 925 3078 1007; x_wconf 64' lang='grc'><strong>11111101111111</strong></span> 
     </span>
     <span class='ocr_line' id='line_1_6' title="bbox 740 1028 3078 1112; baseline -0.001 -16"><span class='ocrx_word' id='word_1_38' title='bbox 740 1029 1002 1096; x_wconf 87' lang='lat' dir='ltr'><strong>haberet</strong></span> <span class='ocrx_word' id='word_1_39' title='bbox 1054 1031 1160 1112; x_wconf 74' lang='lat' dir='ltr'><strong>Jus</strong></span> <span class='ocrx_word' id='word_1_40' title='bbox 1202 1029 1367 1096; x_wconf 90' lang='lat' dir='ltr'><strong>sicut</strong></span> <span class='ocrx_word' id='word_1_41' title='bbox 1428 1029 1496 1094; x_wconf 94' lang='lat' dir='ltr'><strong>in</strong></span> <span class='ocrx_word' id='word_1_42' title='bbox 1548 1031 1946 1112; x_wconf 89' lang='lat' dir='ltr'><strong>antescriptis</strong></span> <span class='ocrx_word' id='word_1_43' title='bbox 2005 1028 2296 1112; x_wconf 87' lang='lat' dir='ltr'><strong>capitulis</strong></span> <span class='ocrx_word' id='word_1_44' title='bbox 2347 1029 2584 1095; x_wconf 90' lang='lat' dir='ltr'><strong>dictum</strong></span> <span class='ocrx_word' id='word_1_45' title='bbox 2626 1031 2741 1108; x_wconf 84' lang='lat' dir='ltr'><strong>est,</strong></span> <span class='ocrx_word' id='word_1_46' title='bbox 2805 1032 2872 1093; x_wconf 91' lang='lat' dir='ltr'><strong>et</strong></span> <span class='ocrx_word' id='word_1_47' title='bbox 2913 1028 3078 1110; x_wconf 90' lang='lat' dir='ltr'><strong>quod</strong></span> 
     </span>
     <span class='ocr_line' id='line_1_7' title="bbox 744 1130 3080 1215; baseline -0.001 -16"><span class='ocrx_word' id='word_1_48' title='bbox 744 1133 951 1199; x_wconf 86' lang='lat' dir='ltr'><strong>dictus</strong></span> <span class='ocrx_word' id='word_1_49' title='bbox 993 1132 1280 1198; x_wconf 90' lang='lat' dir='ltr'><strong>dominus</strong></span> <span class='ocrx_word' id='word_1_50' title='bbox 1322 1131 1457 1198; x_wconf 84' lang='lat' dir='ltr'><strong>Rex</strong></span> <span class='ocrx_word' id='word_1_51' title='bbox 1498 1132 1637 1198; x_wconf 88' lang='lat' dir='ltr'><strong>dari</strong></span> <span class='ocrx_word' id='word_1_52' title='bbox 1679 1137 1745 1198; x_wconf 89' lang='lat' dir='ltr'><strong>et</strong></span> <span class='ocrx_word' id='word_1_53' title='bbox 1785 1132 2090 1215; x_wconf 87' lang='lat' dir='ltr'><strong>assignari</strong></span> <span class='ocrx_word' id='word_1_54' title='bbox 2150 1130 2342 1197; x_wconf 80' lang='lat' dir='ltr'><strong>fac-iat</strong></span> <span class='ocrx_word' id='word_1_55' title='bbox 2383 1131 2562 1197; x_wconf 90' lang='lat' dir='ltr'><strong>nobis</strong></span> <span class='ocrx_word' id='word_1_56' title='bbox 2604 1131 2970 1215; x_wconf 81' lang='lat' dir='ltr'><strong>Tragurium</strong></span> <span class='ocrx_word' id='word_1_57' title='bbox 3015 1136 3080 1196; x_wconf 91' lang='lat' dir='ltr'><strong>et</strong></span> 
     </span>
     <span class='ocr_line' id='line_1_8' title="bbox 747 1233 3078 1317; baseline -0 -17"><span class='ocrx_word' id='word_1_58' title='bbox 747 1234 1101 1301; x_wconf 89' lang='lat' dir='ltr'><strong>Sibenicum</strong></span> <span class='ocrx_word' id='word_1_59' title='bbox 1143 1252 1271 1299; x_wconf 90' lang='lat' dir='ltr'><strong>non</strong></span> <span class='ocrx_word' id='word_1_60' title='bbox 1311 1253 1424 1316; x_wconf 86' lang='lat' dir='ltr'><strong>per</strong></span> <span class='ocrx_word' id='word_1_61' title='bbox 1464 1235 1715 1299; x_wconf 92' lang='lat' dir='ltr'><strong>modum</strong></span> <span class='ocrx_word' id='word_1_62' title='bbox 1759 1235 2153 1300; x_wconf 86' lang='lat' dir='ltr'><strong>alienationis</strong></span> <span class='ocrx_word' id='word_1_63' title='bbox 2210 1235 2320 1300; x_wconf 91' lang='lat' dir='ltr'><strong>sed</strong></span> <span class='ocrx_word' id='word_1_64' title='bbox 2362 1252 2474 1316; x_wconf 89' lang='lat' dir='ltr'><strong>per</strong></span> <span class='ocrx_word' id='word_1_65' title='bbox 2513 1234 2764 1300; x_wconf 90' lang='lat' dir='ltr'><strong>modum</strong></span> <span class='ocrx_word' id='word_1_66' title='bbox 2806 1233 3078 1317; x_wconf 84' lang='lat' dir='ltr'><strong>pigneris</strong></span> 
     </span>
     <span class='ocr_line' id='line_1_9' title="bbox 742 1335 3078 1421; baseline -0.001 -17"><span class='ocrx_word' id='word_1_67' title='bbox 742 1343 807 1405; x_wconf 91' lang='lat' dir='ltr'><strong>et</strong></span> <span class='ocrx_word' id='word_1_68' title='bbox 850 1358 962 1404; x_wconf 90' lang='grc'><strong>1103</strong></span> <span class='ocrx_word' id='word_1_69' title='bbox 1014 1338 1437 1405; x_wconf 85' lang='lat' dir='ltr'><strong>mutuabimus</strong></span> <span class='ocrx_word' id='word_1_70' title='bbox 1494 1337 1691 1403; x_wconf 90' lang='lat' dir='ltr'><strong>eidem</strong></span> <span class='ocrx_word' id='word_1_71' title='bbox 1752 1338 2010 1404; x_wconf 81' lang='lat' dir='ltr'><strong>ducatos</strong></span> <span class='ocrx_word' id='word_1_72' title='bbox 2057 1337 2218 1403; x_wconf 73' lang='lat' dir='ltr'><strong>CCm·</strong></span> <span class='ocrx_word' id='word_1_73' title='bbox 2301 1337 2387 1403; x_wconf 89' lang='lat' dir='ltr'><strong>Et</strong></span> <span class='ocrx_word' id='word_1_74' title='bbox 2430 1339 2596 1421; x_wconf 93' lang='lat' dir='ltr'><strong>quod</strong></span> <span class='ocrx_word' id='word_1_75' title='bbox 2652 1338 2900 1420; x_wconf 89' lang='lat' dir='ltr'><strong>quando</strong></span> <span class='ocrx_word' id='word_1_76' title='bbox 2951 1335 3078 1402; x_wconf 88' lang='lat' dir='ltr'><strong>Sua</strong></span> 
     </span>
     <span class='ocr_line' id='line_1_10' title="bbox 743 1440 3160 1524; baseline -0.002 -18"><span class='ocrx_word' id='word_1_77' title='bbox 743 1441 1044 1508; x_wconf 81' lang='lat' dir='ltr'><strong>Maiestas</strong></span> <span class='ocrx_word' id='word_1_78' title='bbox 1098 1440 1279 1508; x_wconf 89' lang='lat' dir='ltr'><strong>nobis</strong></span> <span class='ocrx_word' id='word_1_79' title='bbox 1342 1440 1634 1506; x_wconf 86' lang='lat' dir='ltr'><strong>restituet</strong></span> <span class='ocrx_word' id='word_1_80' title='bbox 1688 1440 1920 1506; x_wconf 89' lang='lat' dir='ltr'><strong>dictam</strong></span> <span class='ocrx_word' id='word_1_81' title='bbox 1966 1441 2378 1524; x_wconf 86' lang='lat' dir='ltr'><strong>quantitatem</strong></span> <span class='ocrx_word' id='word_1_82' title='bbox 2423 1440 2698 1523; x_wconf 85' lang='lat' dir='ltr'><strong>pecunie,</strong></span> <span class='ocrx_word' id='word_1_83' title='bbox 2753 1443 3079 1504; x_wconf 88' lang='lat' dir='ltr'><strong>teneamur</strong></span> <span class='ocrx_word' id='word_1_84' title='bbox 3143 1483 3160 1501; x_wconf 88' lang='lat'><strong>.</strong></span> 
     </span>
     <span class='ocr_line' id='line_1_11' title="bbox 746 1541 3074 1627; baseline -0 -19"><span class='ocrx_word' id='word_1_85' title='bbox 746 1543 1082 1609; x_wconf 88' lang='lat' dir='ltr'><strong>restituere</strong></span> <span class='ocrx_word' id='word_1_86' title='bbox 1123 1542 1322 1610; x_wconf 91' lang='lat' dir='ltr'><strong>eidem</strong></span> <span class='ocrx_word' id='word_1_87' title='bbox 1365 1543 1613 1610; x_wconf 90' lang='lat' dir='ltr'><strong>domino</strong></span> <span class='ocrx_word' id='word_1_88' title='bbox 1657 1543 1813 1627; x_wconf 85' lang='lat' dir='ltr'><strong>Regi</strong></span> <span class='ocrx_word' id='word_1_89' title='bbox 1854 1544 2054 1610; x_wconf 88' lang='lat' dir='ltr'><strong>dictas</strong></span> <span class='ocrx_word' id='word_1_90' title='bbox 2097 1544 2254 1609; x_wconf 90' lang='lat' dir='ltr'><strong>duas</strong></span> <span class='ocrx_word' id='word_1_91' title='bbox 2310 1547 2514 1609; x_wconf 88' lang='lat' dir='ltr'><strong>terras</strong></span> <span class='ocrx_word' id='word_1_92' title='bbox 2551 1543 2834 1624; x_wconf 89' lang='lat' dir='ltr'><strong>Tragurii</strong></span> <span class='ocrx_word' id='word_1_93' title='bbox 2875 1547 2940 1608; x_wconf 89' lang='lat' dir='ltr'><strong>et</strong></span> <span class='ocrx_word' id='word_1_94' title='bbox 2981 1541 3074 1608; x_wconf 90' lang='lat' dir='ltr'><strong>Si-</strong></span> 
     </span>
     <span class='ocr_line' id='line_1_12' title="bbox 744 1644 3074 1730; baseline -0.002 -18"><span class='ocrx_word' id='word_1_95' title='bbox 744 1646 945 1712; x_wconf 91' lang='lat' dir='ltr'><strong>benici</strong></span> <span class='ocrx_word' id='word_1_96' title='bbox 990 1651 1054 1712; x_wconf 92' lang='lat' dir='ltr'><strong>et</strong></span> <span class='ocrx_word' id='word_1_97' title='bbox 1096 1647 1261 1730; x_wconf 90' lang='lat' dir='ltr'><strong>quod</strong></span> <span class='ocrx_word' id='word_1_98' title='bbox 1307 1646 1543 1714; x_wconf 92' lang='lat' dir='ltr'><strong>dictum</strong></span> <span class='ocrx_word' id='word_1_99' title='bbox 1586 1650 1871 1712; x_wconf 90' lang='lat' dir='ltr'><strong>mutuum</strong></span> <span class='ocrx_word' id='word_1_100' title='bbox 1915 1644 2029 1711; x_wconf 88' lang='lat' dir='ltr'><strong>fiat</strong></span> <span class='ocrx_word' id='word_1_101' title='bbox 2052 1665 2165 1729; x_wconf 88' lang='lat' dir='ltr'><strong>per</strong></span> <span class='ocrx_word' id='word_1_102' title='bbox 2190 1663 2323 1726; x_wconf 90' lang='lat' dir='ltr'><strong>nos,</strong></span> <span class='ocrx_word' id='word_1_103' title='bbox 2371 1645 2656 1711; x_wconf 87' lang='lat' dir='ltr'><strong>videlicet</strong></span> <span class='ocrx_word' id='word_1_104' title='bbox 2681 1644 3074 1710; x_wconf 88' lang='lat' dir='ltr'><strong>medietatem</strong></span> 
     </span>
     <span class='ocr_line' id='line_1_13' title="bbox 742 1747 3076 1832; baseline -0.001 -18"><span class='ocrx_word' id='word_1_105' title='bbox 742 1767 854 1831; x_wconf 90' lang='lat' dir='ltr'><strong>per</strong></span> <span class='ocrx_word' id='word_1_106' title='bbox 898 1753 1024 1816; x_wconf 89' lang='lat' dir='ltr'><strong>tres</strong></span> <span class='ocrx_word' id='word_1_107' title='bbox 1066 1768 1309 1817; x_wconf 88' lang='lat' dir='ltr'><strong>menses</strong></span> <span class='ocrx_word' id='word_1_108' title='bbox 1338 1754 1481 1832; x_wconf 88' lang='lat' dir='ltr'><strong>post</strong></span> <span class='ocrx_word' id='word_1_109' title='bbox 1511 1750 1986 1816; x_wconf 85' lang='lat' dir='ltr'><strong>celebrationem</strong></span> <span class='ocrx_word' id='word_1_110' title='bbox 2025 1750 2290 1815; x_wconf 87' lang='lat' dir='ltr'><strong>instrum</strong></span> <span class='ocrx_word' id='word_1_111' title='bbox 2299 1749 2429 1815; x_wconf 88' lang='lat' dir='ltr'><strong>enti</strong></span> <span class='ocrx_word' id='word_1_112' title='bbox 2461 1753 2737 1831; x_wconf 88' lang='lat' dir='ltr'><strong>treugue‚</strong></span> <span class='ocrx_word' id='word_1_113' title='bbox 2780 1752 2846 1813; x_wconf 89' lang='lat' dir='ltr'><strong>et</strong></span> <span class='ocrx_word' id='word_1_114' title='bbox 2888 1747 3076 1812; x_wconf 88' lang='lat' dir='ltr'><strong>aliam</strong></span> 
     </span>
     <span class='ocr_line' id='line_1_14' title="bbox 743 1851 3077 1935; baseline -0.001 -17"><span class='ocrx_word' id='word_1_115' title='bbox 743 1853 1140 1920; x_wconf 89' lang='lat' dir='ltr'><strong>medietatem</strong></span> <span class='ocrx_word' id='word_1_116' title='bbox 1184 1851 1411 1917; x_wconf 87' lang='lat' dir='ltr'><strong>abinde</strong></span> <span class='ocrx_word' id='word_1_117' title='bbox 1454 1869 1647 1935; x_wconf 90' lang='lat' dir='ltr'><strong>usque</strong></span> <span class='ocrx_word' id='word_1_118' title='bbox 1690 1871 1880 1917; x_wconf 92' lang='lat' dir='ltr'><strong>unum</strong></span> <span class='ocrx_word' id='word_1_119' title='bbox 1927 1870 2158 1917; x_wconf 90' lang='lat' dir='ltr'><strong>annum</strong></span> <span class='ocrx_word' id='word_1_120' title='bbox 2201 1852 2570 1917; x_wconf 87' lang='lat' dir='ltr'><strong>declarando</strong></span> <span class='ocrx_word' id='word_1_121' title='bbox 2617 1851 2682 1916; x_wconf 93' lang='lat' dir='ltr'><strong>in</strong></span> <span class='ocrx_word' id='word_1_122' title='bbox 2721 1856 2983 1933; x_wconf 89' lang='lat' dir='ltr'><strong>treugua</strong></span> <span class='ocrx_word' id='word_1_123' title='bbox 3011 1854 3077 1915; x_wconf 88' lang='lat' dir='ltr'><strong>et</strong></span> 
     </span>
     <span class='ocr_line' id='line_1_15' title="bbox 743 1953 3076 2037; baseline -0.001 -16"><span class='ocrx_word' id='word_1_124' title='bbox 743 1955 834 2022; x_wconf 90' lang='lat' dir='ltr'><strong>sic</strong></span> <span class='ocrx_word' id='word_1_125' title='bbox 876 1955 1125 2020; x_wconf 90' lang='lat' dir='ltr'><strong>omnino</strong></span> <span class='ocrx_word' id='word_1_126' title='bbox 1166 1953 1451 2020; x_wconf 88' lang='lat' dir='ltr'><strong>volumus</strong></span> <span class='ocrx_word' id='word_1_127' title='bbox 1506 1955 1652 2037; x_wconf 93' lang='lat' dir='ltr'><strong>poni</strong></span> <span class='ocrx_word' id='word_1_128' title='bbox 1713 1956 1779 2020; x_wconf 93' lang='lat' dir='ltr'><strong>in</strong></span> <span class='ocrx_word' id='word_1_129' title='bbox 1838 1955 2010 2022; x_wconf 89' lang='lat' dir='ltr'><strong>dicta</strong></span> <span class='ocrx_word' id='word_1_130' title='bbox 2072 1958 2336 2036; x_wconf 85' lang='lat' dir='ltr'><strong>treugua</strong></span> <span class='ocrx_word' id='word_1_131' title='bbox 2378 1955 2542 2036; x_wconf 92' lang='lat' dir='ltr'><strong>quod</strong></span> <span class='ocrx_word' id='word_1_132' title='bbox 2583 1955 2732 2020; x_wconf 91' lang='lat' dir='ltr'><strong>licet</strong></span> <span class='ocrx_word' id='word_1_133' title='bbox 2773 1953 3076 2019; x_wconf 88' lang='lat' dir='ltr'><strong>terminus</strong></span> 
     </span>
     <span class='ocr_line' id='line_1_16' title="bbox 744 2054 3074 2140; baseline -0 -20"><span class='ocrx_word' id='word_1_134' title='bbox 744 2060 1003 2138; x_wconf 86' lang='lat' dir='ltr'><strong>treugue</strong></span> <span class='ocrx_word' id='word_1_135' title='bbox 1061 2056 1169 2139; x_wconf 87' lang='lat' dir='ltr'><strong>qui</strong></span> <span class='ocrx_word' id='word_1_136' title='bbox 1224 2060 1493 2138; x_wconf 93' lang='lat' dir='ltr'><strong>ponetur</strong></span> <span class='ocrx_word' id='word_1_137' title='bbox 1526 2057 1592 2122; x_wconf 93' lang='lat' dir='ltr'><strong>in</strong></span> <span class='ocrx_word' id='word_1_138' title='bbox 1636 2061 1962 2123; x_wconf 85' lang='lat' dir='ltr'><strong>contractu</strong></span> <span class='ocrx_word' id='word_1_139' title='bbox 2025 2057 2338 2140; x_wconf 84' lang='lat' dir='ltr'><strong>expiraret</strong></span> <span class='ocrx_word' id='word_1_140' title='bbox 2379 2075 2506 2124; x_wconf 89' lang='lat' dir='ltr'><strong>non</strong></span> <span class='ocrx_word' id='word_1_141' title='bbox 2544 2056 2856 2127; x_wconf 81' lang='lat' dir='ltr'><strong>restitutis</strong></span> <span class='ocrx_word' id='word_1_142' title='bbox 2897 2054 3074 2121; x_wconf 90' lang='lat' dir='ltr'><strong>nobis</strong></span> 
     </span>
     <span class='ocr_line' id='line_1_17' title="bbox 744 2158 3074 2242; baseline -0.001 -18"><span class='ocrx_word' id='word_1_143' title='bbox 744 2158 929 2224; x_wconf 91' lang='lat' dir='ltr'><strong>dictis</strong></span> <span class='ocrx_word' id='word_1_144' title='bbox 972 2158 1217 2224; x_wconf 85' lang='lat' dir='ltr'><strong>ducatis</strong></span> <span class='ocrx_word' id='word_1_145' title='bbox 1259 2159 1541 2225; x_wconf 90' lang='lat' dir='ltr'><strong>ducentis</strong></span> <span class='ocrx_word' id='word_1_146' title='bbox 1598 2159 1872 2226; x_wconf 89' lang='lat' dir='ltr'><strong>millibus</strong></span> <span class='ocrx_word' id='word_1_147' title='bbox 1916 2165 2181 2242; x_wconf 86' lang='lat' dir='ltr'><strong>treugua</strong></span> <span class='ocrx_word' id='word_1_148' title='bbox 2221 2160 2656 2226; x_wconf 86' lang='lat' dir='ltr'><strong>nichilominus</strong></span> <span class='ocrx_word' id='word_1_149' title='bbox 2696 2158 2921 2225; x_wconf 86' lang='lat' dir='ltr'><strong>debeat</strong></span> <span class='ocrx_word' id='word_1_150' title='bbox 2961 2158 3074 2223; x_wconf 92' lang='lat' dir='ltr'><strong>du-</strong></span> 
     </span>
     <span class='ocr_line' id='line_1_18' title="bbox 742 2261 3070 2346; baseline -0.002 -17"><span class='ocrx_word' id='word_1_151' title='bbox 742 2281 883 2329; x_wconf 87' lang='lat' dir='ltr'><strong>rare</strong></span> <span class='ocrx_word' id='word_1_152' title='bbox 938 2263 1134 2330; x_wconf 91' lang='lat' dir='ltr'><strong>donec</strong></span> <span class='ocrx_word' id='word_1_153' title='bbox 1194 2262 1372 2329; x_wconf 88' lang='lat' dir='ltr'><strong>nobis</strong></span> <span class='ocrx_word' id='word_1_154' title='bbox 1426 2263 1723 2330; x_wconf 74' lang='lat' dir='ltr'><strong>restituta</strong></span> <span class='ocrx_word' id='word_1_155' title='bbox 1764 2262 1954 2330; x_wconf 87' lang='lat' dir='ltr'><strong>fuerit</strong></span> <span class='ocrx_word' id='word_1_156' title='bbox 1998 2264 2422 2346; x_wconf 86' lang='lat' dir='ltr'><strong>suprascripta</strong></span> <span class='ocrx_word' id='word_1_157' title='bbox 2463 2261 2726 2346; x_wconf 89' lang='lat' dir='ltr'><strong>pecunia</strong></span> <span class='ocrx_word' id='word_1_158' title='bbox 2767 2263 3070 2326; x_wconf 90' lang='lat' dir='ltr'><strong>mutuata.</strong></span> 
     </span>
    </p>

    <p class='ocr_par' dir='ltr' id='par_1_2' title="bbox 737 2366 3073 3171">
     <span class='ocr_line' id='line_1_19' title="bbox 946 2366 3072 2452; baseline -0.001 -21"><span class='ocrx_word' id='word_1_159' title='bbox 946 2367 1209 2450; x_wconf 89' lang='lat' dir='ltr'><strong>Insuper</strong></span> <span class='ocrx_word' id='word_1_160' title='bbox 1249 2367 1304 2432; x_wconf 91' lang='grc'><strong>31</strong></span> <span class='ocrx_word' id='word_1_161' title='bbox 1343 2367 1412 2432; x_wconf 89' lang='grc'><strong>111</strong></span> <span class='ocrx_word' id='word_1_162' title='bbox 1452 2367 1623 2434; x_wconf 89' lang='lat' dir='ltr'><strong>dicta</strong></span> <span class='ocrx_word' id='word_1_163' title='bbox 1664 2368 1907 2450; x_wconf 87' lang='lat' dir='ltr'><strong>pratica</strong></span> <span class='ocrx_word' id='word_1_164' title='bbox 1955 2367 2422 2452; x_wconf 90' lang='lat' dir='ltr'><strong>requireremini</strong></span> <span class='ocrx_word' id='word_1_165' title='bbox 2463 2366 2541 2433; x_wconf 92' lang='lat' dir='ltr'><strong>de</strong></span> <span class='ocrx_word' id='word_1_166' title='bbox 2585 2366 2928 2432; x_wconf 89' lang='lat' dir='ltr'><strong>intentione</strong></span> <span class='ocrx_word' id='word_1_167' title='bbox 2962 2383 3072 2430; x_wconf 89' lang='lat' dir='ltr'><strong>no-</strong></span> 
     </span>
     <span class='ocr_line' id='line_1_20' title="bbox 742 2468 3072 2552; baseline -0 -19"><span class='ocrx_word' id='word_1_168' title='bbox 742 2472 878 2534; x_wconf 89' lang='lat' dir='ltr'><strong>stra</strong></span> <span class='ocrx_word' id='word_1_169' title='bbox 920 2469 1083 2534; x_wconf 90' lang='lat' dir='ltr'><strong>circa</strong></span> <span class='ocrx_word' id='word_1_170' title='bbox 1126 2469 1463 2536; x_wconf 85' lang='lat' dir='ltr'><strong>transitum</strong></span> <span class='ocrx_word' id='word_1_171' title='bbox 1504 2470 1737 2536; x_wconf 91' lang='lat' dir='ltr'><strong>domini</strong></span> <span class='ocrx_word' id='word_1_172' title='bbox 1786 2470 1974 2552; x_wconf 87' lang='lat' dir='ltr'><strong>Regis</strong></span> <span class='ocrx_word' id='word_1_173' title='bbox 2032 2471 2295 2552; x_wconf 89' lang='lat' dir='ltr'><strong>predicti</strong></span> <span class='ocrx_word' id='word_1_174' title='bbox 2348 2488 2460 2552; x_wconf 89' lang='lat' dir='ltr'><strong>pro</strong></span> <span class='ocrx_word' id='word_1_175' title='bbox 2502 2468 2858 2551; x_wconf 88' lang='lat' dir='ltr'><strong>accipiendo</strong></span> <span class='ocrx_word' id='word_1_176' title='bbox 2901 2485 3072 2534; x_wconf 89' lang='lat' dir='ltr'><strong>coro-</strong></span> 
     </span>
     <span class='ocr_line' id='line_1_21' title="bbox 738 2572 3073 2657; baseline 0 -20"><span class='ocrx_word' id='word_1_177' title='bbox 738 2590 885 2637; x_wconf 88' lang='lat' dir='ltr'><strong>nam</strong></span> <span class='ocrx_word' id='word_1_178' title='bbox 930 2591 1107 2639; x_wconf 89' lang='lat' dir='ltr'><strong>suam</strong></span> <span class='ocrx_word' id='word_1_179' title='bbox 1151 2572 1217 2639; x_wconf 91' lang='grc'><strong>111</strong></span> <span class='ocrx_word' id='word_1_180' title='bbox 1260 2573 1463 2655; x_wconf 84' lang='lat' dir='ltr'><strong>Italia,</strong></span> <span class='ocrx_word' id='word_1_181' title='bbox 1514 2572 1793 2641; x_wconf 86' lang='lat' dir='ltr'><strong>debeatis</strong></span> <span class='ocrx_word' id='word_1_182' title='bbox 1833 2574 2208 2657; x_wconf 87' lang='lat' dir='ltr'><strong>respondere</strong></span> <span class='ocrx_word' id='word_1_183' title='bbox 2265 2577 2330 2640; x_wconf 90' lang='lat' dir='ltr'><strong>et</strong></span> <span class='ocrx_word' id='word_1_184' title='bbox 2386 2572 2605 2640; x_wconf 87' lang='lat' dir='ltr'><strong>offerre</strong></span> <span class='ocrx_word' id='word_1_185' title='bbox 2639 2577 2923 2639; x_wconf 90' lang='lat' dir='ltr'><strong>nostrum</strong></span> <span class='ocrx_word' id='word_1_186' title='bbox 2963 2572 3073 2638; x_wconf 95' lang='lat' dir='ltr'><strong>do-</strong></span> 
     </span>
     <span class='ocr_line' id='line_1_22' title="bbox 738 2676 3072 2761; baseline -0 -20"><span class='ocrx_word' id='word_1_187' title='bbox 738 2676 1002 2742; x_wconf 88' lang='lat' dir='ltr'><strong>minium</strong></span> <span class='ocrx_word' id='word_1_188' title='bbox 1046 2683 1400 2760; x_wconf 89' lang='lat' dir='ltr'><strong>promptum</strong></span> <span class='ocrx_word' id='word_1_189' title='bbox 1448 2684 1513 2744; x_wconf 94' lang='lat' dir='ltr'><strong>et</strong></span> <span class='ocrx_word' id='word_1_190' title='bbox 1550 2683 1839 2761; x_wconf 88' lang='lat' dir='ltr'><strong>paratum</strong></span> <span class='ocrx_word' id='word_1_191' title='bbox 1883 2684 2098 2744; x_wconf 88' lang='lat' dir='ltr'><strong>secuta</strong></span> <span class='ocrx_word' id='word_1_192' title='bbox 2141 2696 2291 2759; x_wconf 85' lang='lat' dir='ltr'><strong>pace</strong></span> <span class='ocrx_word' id='word_1_193' title='bbox 2335 2677 2434 2743; x_wconf 84' lang='lat' dir='ltr'><strong>vel</strong></span> <span class='ocrx_word' id='word_1_194' title='bbox 2477 2681 2740 2760; x_wconf 86' lang='lat' dir='ltr'><strong>treugua</strong></span> <span class='ocrx_word' id='word_1_195' title='bbox 2767 2676 3072 2741; x_wconf 86' lang='lat' dir='ltr'><strong>honorare</strong></span> 
     </span>
     <span class='ocr_line' id='line_1_23' title="bbox 740 2779 3071 2864; baseline 0.001 -21"><span class='ocrx_word' id='word_1_196' title='bbox 740 2779 1052 2861; x_wconf 91' lang='lat' dir='ltr'><strong>prefatum</strong></span> <span class='ocrx_word' id='word_1_197' title='bbox 1094 2781 1411 2847; x_wconf 90' lang='lat' dir='ltr'><strong>dominum</strong></span> <span class='ocrx_word' id='word_1_198' title='bbox 1451 2781 1681 2863; x_wconf 85' lang='lat' dir='ltr'><strong>Regem</strong></span> <span class='ocrx_word' id='word_1_199' title='bbox 1741 2787 1807 2848; x_wconf 91' lang='lat' dir='ltr'><strong>et</strong></span> <span class='ocrx_word' id='word_1_200' title='bbox 1856 2782 2242 2848; x_wconf 90' lang='lat' dir='ltr'><strong>comittivam</strong></span> <span class='ocrx_word' id='word_1_201' title='bbox 2289 2799 2464 2846; x_wconf 90' lang='lat' dir='ltr'><strong>suam</strong></span> <span class='ocrx_word' id='word_1_202' title='bbox 2506 2799 2693 2864; x_wconf 90' lang='lat' dir='ltr'><strong>super</strong></span> <span class='ocrx_word' id='word_1_203' title='bbox 2739 2780 3071 2846; x_wconf 82' lang='lat' dir='ltr'><strong>territoriis</strong></span> 
     </span>
     <span class='ocr_line' id='line_1_24' title="bbox 739 2880 3069 2965; baseline 0.001 -20"><span class='ocrx_word' id='word_1_204' title='bbox 739 2882 971 2946; x_wconf 87' lang='lat' dir='ltr'><strong>nostris</strong></span> <span class='ocrx_word' id='word_1_205' title='bbox 1014 2880 1235 2948; x_wconf 87' lang='lat' dir='ltr'><strong>devote</strong></span> <span class='ocrx_word' id='word_1_206' title='bbox 1276 2888 1343 2947; x_wconf 89' lang='lat' dir='ltr'><strong>et</strong></span> <span class='ocrx_word' id='word_1_207' title='bbox 1382 2882 1791 2949; x_wconf 87' lang='lat' dir='ltr'><strong>amicabiliter</strong></span> <span class='ocrx_word' id='word_1_208' title='bbox 1828 2888 1904 2950; x_wconf 92' lang='lat' dir='ltr'><strong>ut</strong></span> <span class='ocrx_word' id='word_1_209' title='bbox 1944 2883 2199 2951; x_wconf 87' lang='lat' dir='ltr'><strong>fecimus</strong></span> <span class='ocrx_word' id='word_1_210' title='bbox 2258 2883 2582 2949; x_wconf 89' lang='lat' dir='ltr'><strong>recolende</strong></span> <span class='ocrx_word' id='word_1_211' title='bbox 2633 2882 2926 2948; x_wconf 87' lang='lat' dir='ltr'><strong>memorie</strong></span> <span class='ocrx_word' id='word_1_212' title='bbox 2967 2901 3069 2965; x_wconf 85' lang='lat' dir='ltr'><strong>ge-</strong></span> 
     </span>
     <span class='ocr_line' id='line_1_25' title="bbox 738 2982 3070 3069; baseline 0.001 -22"><span class='ocrx_word' id='word_1_213' title='bbox 738 2982 1004 3049; x_wconf 91' lang='lat' dir='ltr'><strong>nitorem</strong></span> <span class='ocrx_word' id='word_1_214' title='bbox 1047 3002 1246 3066; x_wconf 89' lang='lat' dir='ltr'><strong>suum,</strong></span> <span class='ocrx_word' id='word_1_215' title='bbox 1313 2985 1560 3069; x_wconf 88' lang='lat' dir='ltr'><strong>quando</strong></span> <span class='ocrx_word' id='word_1_216' title='bbox 1622 2986 1809 3052; x_wconf 91' lang='lat' dir='ltr'><strong>simili</strong></span> <span class='ocrx_word' id='word_1_217' title='bbox 1867 2988 1944 3052; x_wconf 91' lang='lat' dir='ltr'><strong>de</strong></span> <span class='ocrx_word' id='word_1_218' title='bbox 1997 3005 2186 3053; x_wconf 89' lang='lat' dir='ltr'><strong>causa</strong></span> <span class='ocrx_word' id='word_1_219' title='bbox 2231 2985 2494 3053; x_wconf 87' lang='lat' dir='ltr'><strong>accessit</strong></span> <span class='ocrx_word' id='word_1_220' title='bbox 2548 2985 2614 3050; x_wconf 93' lang='lat' dir='ltr'><strong>in</strong></span> <span class='ocrx_word' id='word_1_221' title='bbox 2657 2984 2906 3050; x_wconf 89' lang='lat' dir='ltr'><strong>Italiam</strong></span> <span class='ocrx_word' id='word_1_222' title='bbox 2950 3003 3070 3067; x_wconf 90' lang='lat' dir='ltr'><strong>que</strong></span> 
     </span>
     <span class='ocr_line' id='line_1_26' title="bbox 737 3085 2472 3171; baseline 0.001 -20"><span class='ocrx_word' id='word_1_223' title='bbox 737 3085 967 3152; x_wconf 89' lang='lat' dir='ltr'><strong>oblatio</strong></span> <span class='ocrx_word' id='word_1_224' title='bbox 1012 3086 1242 3154; x_wconf 85' lang='lat' dir='ltr'><strong>habeat</strong></span> <span class='ocrx_word' id='word_1_225' title='bbox 1282 3087 1486 3155; x_wconf 89' lang='lat' dir='ltr'><strong>locum</strong></span> <span class='ocrx_word' id='word_1_226' title='bbox 1531 3094 1825 3171; x_wconf 85' lang='lat' dir='ltr'><strong>sequente</strong></span> <span class='ocrx_word' id='word_1_227' title='bbox 1866 3107 2019 3171; x_wconf 90' lang='lat' dir='ltr'><strong>pace</strong></span> <span class='ocrx_word' id='word_1_228' title='bbox 2055 3090 2152 3155; x_wconf 89' lang='lat' dir='ltr'><strong>vel</strong></span> <span class='ocrx_word' id='word_1_229' title='bbox 2194 3093 2472 3171; x_wconf 86' lang='lat' dir='ltr'><strong>treugua.</strong></span> 
     </span>
    </p>

    <p class='ocr_par' dir='ltr' id='par_1_3' title="bbox 732 3187 3070 4406">
     <span class='ocr_line' id='line_1_27' title="bbox 939 3187 3064 3273; baseline -0 -19"><span class='ocrx_word' id='word_1_230' title='bbox 939 3189 1097 3256; x_wconf 90' lang='lat' dir='ltr'><strong>Item</strong></span> <span class='ocrx_word' id='word_1_231' title='bbox 1140 3191 1193 3256; x_wconf 90' lang='lat' dir='ltr'><strong>si</strong></span> <span class='ocrx_word' id='word_1_232' title='bbox 1232 3190 1298 3255; x_wconf 89' lang='lat' dir='ltr'><strong>in</strong></span> <span class='ocrx_word' id='word_1_233' title='bbox 1340 3190 1511 3257; x_wconf 88' lang='lat' dir='ltr'><strong>dicta</strong></span> <span class='ocrx_word' id='word_1_234' title='bbox 1554 3190 1839 3273; x_wconf 87' lang='lat' dir='ltr'><strong>praticha</strong></span> <span class='ocrx_word' id='word_1_235' title='bbox 1874 3190 2053 3256; x_wconf 89' lang='lat' dir='ltr'><strong>fieret</strong></span> <span class='ocrx_word' id='word_1_236' title='bbox 2095 3191 2306 3273; x_wconf 88' lang='lat' dir='ltr'><strong>aliqua</strong></span> <span class='ocrx_word' id='word_1_237' title='bbox 2346 3190 2580 3256; x_wconf 90' lang='lat' dir='ltr'><strong>mentio</strong></span> <span class='ocrx_word' id='word_1_238' title='bbox 2609 3189 2706 3256; x_wconf 80' lang='lat' dir='ltr'><strong>vel</strong></span> <span class='ocrx_word' id='word_1_239' title='bbox 2742 3187 3064 3272; x_wconf 90' lang='lat' dir='ltr'><strong>requisitio</strong></span> 
     </span>
     <span class='ocr_line' id='line_1_28' title="bbox 735 3290 3068 3375; baseline 0 -20"><span class='ocrx_word' id='word_1_240' title='bbox 735 3290 910 3357; x_wconf 86' lang='lat' dir='ltr'><strong>vobis</strong></span> <span class='ocrx_word' id='word_1_241' title='bbox 952 3292 1031 3358; x_wconf 91' lang='lat' dir='ltr'><strong>de</strong></span> <span class='ocrx_word' id='word_1_242' title='bbox 1072 3292 1265 3375; x_wconf 87' lang='lat' dir='ltr'><strong>galeis</strong></span> <span class='ocrx_word' id='word_1_243' title='bbox 1305 3292 1539 3359; x_wconf 88' lang='lat' dir='ltr'><strong>nostris</strong></span> <span class='ocrx_word' id='word_1_244' title='bbox 1598 3298 1816 3360; x_wconf 89' lang='lat' dir='ltr'><strong>contra</strong></span> <span class='ocrx_word' id='word_1_245' title='bbox 1858 3292 2154 3374; x_wconf 79' lang='lat' dir='ltr'><strong>infideleS,</strong></span> <span class='ocrx_word' id='word_1_246' title='bbox 2217 3293 2438 3359; x_wconf 88' lang='lat' dir='ltr'><strong>damus</strong></span> <span class='ocrx_word' id='word_1_247' title='bbox 2481 3292 2654 3359; x_wconf 87' lang='lat' dir='ltr'><strong>vobis</strong></span> <span class='ocrx_word' id='word_1_248' title='bbox 2717 3290 3068 3356; x_wconf 90' lang='lat' dir='ltr'><strong>libertatem</strong></span> 
     </span>
     <span class='ocr_line' id='line_1_29' title="bbox 736 3394 3070 3477; baseline 0 -19"><span class='ocrx_word' id='word_1_249' title='bbox 736 3394 1025 3474; x_wconf 89' lang='lat' dir='ltr'><strong>possendi</strong></span> <span class='ocrx_word' id='word_1_250' title='bbox 1084 3398 1150 3460; x_wconf 91' lang='lat' dir='ltr'><strong>et</strong></span> <span class='ocrx_word' id='word_1_251' title='bbox 1209 3400 1545 3477; x_wconf 88' lang='lat' dir='ltr'><strong>antequam</strong></span> <span class='ocrx_word' id='word_1_252' title='bbox 1588 3394 1952 3477; x_wconf 85' lang='lat' dir='ltr'><strong>exprimatis</strong></span> <span class='ocrx_word' id='word_1_253' title='bbox 2001 3399 2200 3459; x_wconf 88' lang='lat' dir='ltr'><strong>totam</strong></span> <span class='ocrx_word' id='word_1_254' title='bbox 2245 3395 2660 3477; x_wconf 88' lang='lat' dir='ltr'><strong>quantitatem</strong></span> <span class='ocrx_word' id='word_1_255' title='bbox 2704 3394 2962 3477; x_wconf 89' lang='lat' dir='ltr'><strong>pecunie</strong></span> <span class='ocrx_word' id='word_1_256' title='bbox 3005 3398 3070 3458; x_wconf 93' lang='lat' dir='ltr'><strong>et</strong></span> 
     </span>
     <span class='ocr_line' id='line_1_30' title="bbox 733 3496 3069 3582; baseline 0.001 -21"><span class='ocrx_word' id='word_1_257' title='bbox 733 3501 878 3578; x_wconf 91' lang='lat' dir='ltr'><strong>post</strong></span> <span class='ocrx_word' id='word_1_258' title='bbox 920 3500 985 3561; x_wconf 90' lang='lat' dir='ltr'><strong>et</strong></span> <span class='ocrx_word' id='word_1_259' title='bbox 1027 3498 1273 3579; x_wconf 90' lang='lat' dir='ltr'><strong>quando</strong></span> <span class='ocrx_word' id='word_1_260' title='bbox 1327 3503 1393 3564; x_wconf 92' lang='lat' dir='ltr'><strong>et</strong></span> <span class='ocrx_word' id='word_1_261' title='bbox 1455 3498 1618 3563; x_wconf 90' lang='lat' dir='ltr'><strong>sicut</strong></span> <span class='ocrx_word' id='word_1_262' title='bbox 1673 3497 1847 3564; x_wconf 89' lang='lat' dir='ltr'><strong>vobis</strong></span> <span class='ocrx_word' id='word_1_263' title='bbox 1904 3498 2214 3564; x_wconf 86' lang='lat' dir='ltr'><strong>videbitur</strong></span> <span class='ocrx_word' id='word_1_264' title='bbox 2265 3516 2448 3579; x_wconf 88' lang='lat' dir='ltr'><strong>posse</strong></span> <span class='ocrx_word' id='word_1_265' title='bbox 2505 3498 2796 3582; x_wconf 87' lang='lat' dir='ltr'><strong>prodesse</strong></span> <span class='ocrx_word' id='word_1_266' title='bbox 2837 3496 3069 3563; x_wconf 88' lang='lat' dir='ltr'><strong>nostris</strong></span> 
     </span>
     <span class='ocr_line' id='line_1_31' title="bbox 733 3598 3068 3684; baseline 0.001 -20"><span class='ocrx_word' id='word_1_267' title='bbox 733 3598 1183 3665; x_wconf 89' lang='lat' dir='ltr'><strong>intentionibus</strong></span> <span class='ocrx_word' id='word_1_268' title='bbox 1238 3599 1679 3682; x_wconf 88' lang='lat' dir='ltr'><strong>suprascriptis</strong></span> <span class='ocrx_word' id='word_1_269' title='bbox 1726 3600 2090 3683; x_wconf 87' lang='lat' dir='ltr'><strong>promittere</strong></span> <span class='ocrx_word' id='word_1_270' title='bbox 2133 3604 2346 3666; x_wconf 89' lang='lat' dir='ltr'><strong>tenere</strong></span> <span class='ocrx_word' id='word_1_271' title='bbox 2389 3601 2455 3665; x_wconf 95' lang='lat' dir='ltr'><strong>in</strong></span> <span class='ocrx_word' id='word_1_272' title='bbox 2512 3599 2796 3684; x_wconf 89' lang='lat' dir='ltr'><strong>partibus</strong></span> <span class='ocrx_word' id='word_1_273' title='bbox 2853 3600 3068 3667; x_wconf 90' lang='lat' dir='ltr'><strong>Gretie</strong></span> 
     </span>
     <span class='ocr_line' id='line_1_32' title="bbox 733 3701 3070 3785; baseline 0 -19"><span class='ocrx_word' id='word_1_274' title='bbox 733 3719 774 3766; x_wconf 90' lang='lat' dir='ltr'><strong>a</strong></span> <span class='ocrx_word' id='word_1_275' title='bbox 816 3718 924 3766; x_wconf 85' lang='lat' dir='ltr'><strong>sex</strong></span> <span class='ocrx_word' id='word_1_276' title='bbox 967 3719 1163 3782; x_wconf 88' lang='lat' dir='ltr'><strong>usque</strong></span> <span class='ocrx_word' id='word_1_277' title='bbox 1204 3701 1265 3766; x_wconf 91' lang='lat' dir='ltr'>X</span> <span class='ocrx_word' id='word_1_278' title='bbox 1304 3703 1517 3784; x_wconf 90' lang='lat' dir='ltr'><strong>galeas</strong></span> <span class='ocrx_word' id='word_1_279' title='bbox 1572 3706 1851 3767; x_wconf 87' lang='lat' dir='ltr'><strong>armatas</strong></span> <span class='ocrx_word' id='word_1_280' title='bbox 1905 3702 2135 3768; x_wconf 91' lang='lat' dir='ltr'><strong>nostris</strong></span> <span class='ocrx_word' id='word_1_281' title='bbox 2179 3703 2461 3785; x_wconf 85' lang='lat' dir='ltr'><strong>expensis</strong></span> <span class='ocrx_word' id='word_1_282' title='bbox 2511 3703 2576 3767; x_wconf 90' lang='lat' dir='ltr'><strong>in</strong></span> <span class='ocrx_word' id='word_1_283' title='bbox 2621 3701 2962 3768; x_wconf 86' lang='lat' dir='ltr'><strong>subsidium</strong></span> <span class='ocrx_word' id='word_1_284' title='bbox 3005 3708 3070 3769; x_wconf 91' lang='lat' dir='ltr'><strong>et</strong></span> 
     </span>
     <span class='ocr_line' id='line_1_33' title="bbox 732 3802 3068 3889; baseline 0.002 -22"><span class='ocrx_word' id='word_1_285' title='bbox 732 3802 1005 3869; x_wconf 89' lang='lat' dir='ltr'><strong>favorem</strong></span> <span class='ocrx_word' id='word_1_286' title='bbox 1065 3802 1557 3871; x_wconf 88' lang='lat' dir='ltr'><strong>Christianitatis</strong></span> <span class='ocrx_word' id='word_1_287' title='bbox 1618 3812 1683 3871; x_wconf 91' lang='lat' dir='ltr'><strong>et</strong></span> <span class='ocrx_word' id='word_1_288' title='bbox 1738 3805 1936 3888; x_wconf 89' lang='lat' dir='ltr'><strong>ipsius</strong></span> <span class='ocrx_word' id='word_1_289' title='bbox 2000 3806 2231 3872; x_wconf 91' lang='lat' dir='ltr'><strong>domini</strong></span> <span class='ocrx_word' id='word_1_290' title='bbox 2297 3806 2484 3889; x_wconf 88' lang='lat' dir='ltr'><strong>Regis</strong></span> <span class='ocrx_word' id='word_1_291' title='bbox 2539 3806 2959 3872; x_wconf 88' lang='lat' dir='ltr'><strong>Romanorum</strong></span> <span class='ocrx_word' id='word_1_292' title='bbox 3003 3810 3068 3872; x_wconf 92' lang='lat' dir='ltr'><strong>et</strong></span> 
     </span>
     <span class='ocr_line' id='line_1_34' title="bbox 736 3903 3067 3992; baseline 0.003 -25"><span class='ocrx_word' id='word_1_293' title='bbox 736 3903 1058 3987; x_wconf 88' lang='lat' dir='ltr'><strong>Hungarie</strong></span> <span class='ocrx_word' id='word_1_294' title='bbox 1102 3906 1348 3987; x_wconf 88' lang='lat' dir='ltr'><strong>quando</strong></span> <span class='ocrx_word' id='word_1_295' title='bbox 1392 3912 1459 3973; x_wconf 91' lang='lat' dir='ltr'><strong>et</strong></span> <span class='ocrx_word' id='word_1_296' title='bbox 1493 3907 1688 3975; x_wconf 90' lang='lat' dir='ltr'><strong>donec</strong></span> <span class='ocrx_word' id='word_1_297' title='bbox 1716 3907 1845 3973; x_wconf 90' lang='lat' dir='ltr'><strong>Sua</strong></span> <span class='ocrx_word' id='word_1_298' title='bbox 1875 3908 2175 3975; x_wconf 86' lang='lat' dir='ltr'><strong>Maiestas</strong></span> <span class='ocrx_word' id='word_1_299' title='bbox 2217 3908 2628 3992; x_wconf 87' lang='lat' dir='ltr'><strong>personaliter</strong></span> <span class='ocrx_word' id='word_1_300' title='bbox 2653 3927 2794 3976; x_wconf 91' lang='lat' dir='ltr'><strong>cum</strong></span> <span class='ocrx_word' id='word_1_301' title='bbox 2826 3909 3067 3991; x_wconf 88' lang='lat' dir='ltr'><strong>potenti</strong></span> 
     </span>
     <span class='ocr_line' id='line_1_35' title="bbox 734 4008 3066 4095; baseline 0.003 -24"><span class='ocrx_word' id='word_1_302' title='bbox 734 4008 1009 4073; x_wconf 84' lang='lat' dir='ltr'><strong>exercitu</strong></span> <span class='ocrx_word' id='word_1_303' title='bbox 1054 4010 1174 4075; x_wconf 91' lang='lat' dir='ltr'><strong>erit</strong></span> <span class='ocrx_word' id='word_1_304' title='bbox 1220 4015 1285 4076; x_wconf 92' lang='lat' dir='ltr'><strong>et</strong></span> <span class='ocrx_word' id='word_1_305' title='bbox 1328 4011 1522 4077; x_wconf 89' lang='lat' dir='ltr'><strong>stabit</strong></span> <span class='ocrx_word' id='word_1_306' title='bbox 1564 4012 1629 4077; x_wconf 93' lang='lat' dir='ltr'><strong>in</strong></span> <span class='ocrx_word' id='word_1_307' title='bbox 1672 4012 1958 4095; x_wconf 89' lang='lat' dir='ltr'><strong>partibus</strong></span> <span class='ocrx_word' id='word_1_308' title='bbox 2002 4011 2218 4079; x_wconf 86' lang='lat' dir='ltr'><strong>Gretie</strong></span> <span class='ocrx_word' id='word_1_309' title='bbox 2260 4018 2480 4079; x_wconf 87' lang='lat' dir='ltr'><strong>contra</strong></span> <span class='ocrx_word' id='word_1_310' title='bbox 2522 4012 2817 4093; x_wconf 83' lang='lat' dir='ltr'><strong>infideleS‚</strong></span> <span class='ocrx_word' id='word_1_311' title='bbox 2861 4012 3066 4078; x_wconf 89' lang='lat' dir='ltr'><strong>decla-</strong></span> 
     </span>
     <span class='ocr_line' id='line_1_36' title="bbox 735 4110 3065 4199; baseline 0.002 -25"><span class='ocrx_word' id='word_1_312' title='bbox 735 4110 935 4175; x_wconf 90' lang='lat' dir='ltr'><strong>rando</strong></span> <span class='ocrx_word' id='word_1_313' title='bbox 979 4115 1043 4175; x_wconf 93' lang='lat' dir='ltr'><strong>et</strong></span> <span class='ocrx_word' id='word_1_314' title='bbox 1084 4112 1481 4194; x_wconf 90' lang='lat' dir='ltr'><strong>ostendendo,</strong></span> <span class='ocrx_word' id='word_1_315' title='bbox 1543 4119 1617 4180; x_wconf 91' lang='lat' dir='ltr'><strong>ut</strong></span> <span class='ocrx_word' id='word_1_316' title='bbox 1674 4120 1770 4181; x_wconf 91' lang='lat' dir='ltr'><strong>est</strong></span> <span class='ocrx_word' id='word_1_317' title='bbox 1820 4115 1914 4181; x_wconf 90' lang='lat' dir='ltr'><strong>rei</strong></span> <span class='ocrx_word' id='word_1_318' title='bbox 1959 4116 2207 4197; x_wconf 86' lang='lat' dir='ltr'><strong>veritas,</strong></span> <span class='ocrx_word' id='word_1_319' title='bbox 2263 4121 2502 4199; x_wconf 86' lang='lat' dir='ltr'><strong>quanta</strong></span> <span class='ocrx_word' id='word_1_320' title='bbox 2541 4117 2807 4199; x_wconf 86' lang='lat' dir='ltr'><strong>gravedo</strong></span> <span class='ocrx_word' id='word_1_321' title='bbox 2853 4121 2918 4180; x_wconf 93' lang='lat' dir='ltr'><strong>et</strong></span> <span class='ocrx_word' id='word_1_322' title='bbox 2961 4134 3065 4180; x_wconf 86' lang='lat' dir='ltr'><strong>ex-</strong></span> 
     </span>
     <span class='ocr_line' id='line_1_37' title="bbox 735 4212 3063 4301; baseline 0.003 -24"><span class='ocrx_word' id='word_1_323' title='bbox 735 4230 929 4293; x_wconf 85' lang='lat' dir='ltr'><strong>pensa</strong></span> <span class='ocrx_word' id='word_1_324' title='bbox 970 4212 1148 4279; x_wconf 91' lang='lat' dir='ltr'><strong>nobis</strong></span> <span class='ocrx_word' id='word_1_325' title='bbox 1190 4213 1312 4279; x_wconf 90' lang='lat' dir='ltr'><strong>erit</strong></span> <span class='ocrx_word' id='word_1_326' title='bbox 1354 4217 1565 4281; x_wconf 90' lang='lat' dir='ltr'><strong>tenere</strong></span> <span class='ocrx_word' id='word_1_327' title='bbox 1606 4220 1704 4282; x_wconf 90' lang='lat' dir='ltr'><strong>tot</strong></span> <span class='ocrx_word' id='word_1_328' title='bbox 1746 4218 1958 4299; x_wconf 87' lang='lat' dir='ltr'><strong>galeas</strong></span> <span class='ocrx_word' id='word_1_329' title='bbox 2000 4218 2064 4282; x_wconf 90' lang='lat' dir='ltr'><strong>in</strong></span> <span class='ocrx_word' id='word_1_330' title='bbox 2108 4218 2292 4284; x_wconf 89' lang='lat' dir='ltr'><strong>dictis</strong></span> <span class='ocrx_word' id='word_1_331' title='bbox 2317 4218 2636 4299; x_wconf 57' lang='lat' dir='ltr'><strong>‘partibus</strong></span> <span class='ocrx_word' id='word_1_332' title='bbox 2684 4223 2748 4283; x_wconf 94' lang='lat' dir='ltr'><strong>et</strong></span> <span class='ocrx_word' id='word_1_333' title='bbox 2790 4222 3063 4301; x_wconf 85' lang='lat' dir='ltr'><strong>quantus</strong></span> 
     </span>
     <span class='ocr_line' id='line_1_38' title="bbox 732 4313 3065 4406; baseline 0.002 -26"><span class='ocrx_word' id='word_1_334' title='bbox 732 4313 909 4380; x_wconf 86' lang='lat' dir='ltr'><strong>favor</strong></span> <span class='ocrx_word' id='word_1_335' title='bbox 952 4314 1447 4383; x_wconf 88' lang='lat' dir='ltr'><strong>Christianitatis</strong></span> <span class='ocrx_word' id='word_1_336' title='bbox 1490 4323 1556 4385; x_wconf 93' lang='lat' dir='ltr'><strong>et</strong></span> <span class='ocrx_word' id='word_1_337' title='bbox 1592 4319 1765 4403; x_wconf 86' lang='lat' dir='ltr'><strong>regni</strong></span> <span class='ocrx_word' id='word_1_338' title='bbox 1810 4320 2146 4403; x_wconf 81' lang='lat' dir='ltr'><strong>Hungarie,</strong></span> <span class='ocrx_word' id='word_1_339' title='bbox 2210 4326 2275 4387; x_wconf 92' lang='lat' dir='ltr'><strong>et</strong></span> <span class='ocrx_word' id='word_1_340' title='bbox 2318 4326 2618 4406; x_wconf 86' lang='lat' dir='ltr'><strong>quantum</strong></span> <span class='ocrx_word' id='word_1_341' title='bbox 2664 4322 2954 4388; x_wconf 90' lang='lat' dir='ltr'><strong>damnum</strong></span> <span class='ocrx_word' id='word_1_342' title='bbox 2999 4324 3065 4384; x_wconf 90' lang='grc'><strong>01</strong></span> 
     </span>
    </p>
   </div>
  </div>
 </body>
</html>
