3793 5187
1694 535 1776 603 75

1580 823 1918 902 XXXV.

1058 960 1467 1031 ”ccccxl-ill.
1511 961 1606 1031 die
1648 965 1777 1032 vm.
1818 964 2112 1032 Februarii
2159 968 2262 1041 (m.
2304 970 2404 1042 ν.).

776 1132 1085 1213 Quoniam
1127 1131 1299 1197 nullo
1341 1130 1529 1197 modo
1573 1131 1729 1198 facit
1774 1151 1894 1215 pro
1948 1133 2210 1200 comodo
2258 1138 2321 1199 et
2366 1133 2642 1200 utilitate
2686 1140 2890 1202 status

569 1237 797 1314 nostri,
832 1251 1181 1318 provocare
1235 1232 1415 1298 nobis
1486 1233 1631 1299 odia
1676 1253 1711 1300 e
1754 1235 2116 1301 inimicicias
2178 1239 2243 1300 et
2285 1235 2530 1318 ingredi
2569 1239 2888 1318 mate1·iaS‚

570 1359 693 1423 que
736 1357 851 1404 nos
895 1337 959 1402 in
1006 1335 1305 1402 scandala
1348 1339 1414 1400 et
1460 1337 1966 1402 inconvenientia
2009 1356 2148 1403 cum
2193 1355 2426 1402 corona
2469 1337 2792 1421 Hungarie
2825 1347 2890 1406 et

518 1453 529 1463 ·
570 1444 757 1510 aliter
799 1439 1097 1505 inducere
1138 1437 1405 1520 possint,
1467 1437 1659 1504 Vadit
1695 1457 1867 1521 pars,
1913 1439 2083 1522 quod
2126 1440 2503 1505 auctoritate
2534 1440 2716 1508 huius
2743 1460 2892 1508 con-

570 1545 697 1612 silii
740 1541 1056 1608 scribatur
1098 1544 1166 1604 et
1206 1539 1539 1606 mandetur
1584 1539 1810 1606 Comiti
1876 1545 2094 1607 nostro
2154 1539 2416 1622 spaloti,
2491 1543 2660 1623 quod
2701 1545 2888 1610 modo

568 1647 781 1728 aliquo
826 1661 897 1708 se
934 1641 1240 1724 impedire
1288 1658 1414 1707 non
1459 1641 1689 1708 debeat
1730 1643 1794 1708 in
1840 1642 2022 1708 factis
2052 1643 2258 1724 police
2305 1648 2370 1709 et
2414 1643 2728 1725 dalmisse‚
2775 1648 2888 1712 sed

565 1749 708 1816 loca
752 1747 861 1811 illa
912 1763 1033 1827 que
1090 1742 1270 1808 nobis
1324 1743 1534 1808 insciis
1597 1743 1679 1808 ad
1745 1749 2026 1810 nostram
2071 1744 2494 1810 obedientiam
2533 1748 2890 1829 acceptavit

569 1850 769 1917 libere
815 1845 1133 1914 dimittere
1172 1843 1419 1910 debeat.
1498 1844 1586 1910 Et
1630 1845 1948 1911 scribatur
1993 1845 2324 1928 magnifico
2373 1846 2602 1913 Comiti
2644 1849 2886 1916 Franco

568 1952 649 2017 de
696 1948 951 2016 Taloviz
1012 1946 1179 2012 circa
1236 1944 1354 2011 hoc
1414 1945 1477 2010 in
1538 1945 1647 2011 illa
1694 1947 2136 2028 pertinentiori
2192 1954 2258 2014 et
2298 1949 2500 2031 magis
2547 1949 2888 2018 iustificata

566 2053 769 2119 forma
810 2050 1168 2128 verborum,
1216 2066 1340 2129 que
1378 2047 1641 2130 collegio
1686 2049 1902 2115 utilior
1947 2050 2299 2132 apparebit.

867 2170 966 2235 De
1009 2173 1193 2251 parte
1237 2171 1338 2234 27.

767 2357 885 2426 Ser
925 2355 1179 2422 Marcus
1224 2355 1607 2423 Mauroceno
1643 2356 1908 2438 Sapiens
1935 2361 2106 2423 terre
2135 2355 2315 2424 firme
2343 2358 2478 2424 vult
2509 2359 2680 2442 quod
2711 2359 2884 2427 diffe-

562 2467 749 2529 ratur
789 2479 907 2543 pro
952 2477 1115 2526 nunc
1158 2458 1223 2524 in
1266 2457 1389 2524 ista
1423 2457 1711 2524 materia.

871 2579 971 2646 De
1011 2584 1197 2663 parte
1326 2580 1427 2647 52.

866 2684 966 2750 De
1003 2702 1127 2749 non
1369 2685 1430 2748 9.

864 2786 1009 2852 Non
1056 2786 1283 2852 sinceri
1369 2787 1433 2851 4.

864 2920 1129 2991 (Ambivio
1162 2919 1223 2975 di
1251 2923 1401 2974 scato
1434 2920 1489 2973 in
1534 2916 1773 2984 Venetia,

570 3004 1007 3063 Delibat-azioni
1047 3006 1267 3063 Senato
1302 3004 1545 3073 Sacrati,
1576 3019 1736 3076 rego·
1772 3006 1841 3060 16
1864 3022 1912 3061 e.
1947 3004 2056 3075 63.)

1542 3295 1923 3371 XXXVI.

1048 3432 1458 3502 mccccxun.
1502 3433 1598 3500 die
1641 3434 1770 3500 vul.
1817 3433 2112 3501 Februarii
2158 3438 2257 3510 (m.
2296 3438 2395 3509 ν.).

762 3602 945 3682 Quod
992 3602 1361 3669 commissio
1406 3621 1571 3669 nunc
1614 3603 1783 3669 facta
1823 3602 2170 3685 Capitaneo
2207 3602 2386 3683 culfi,
2439 3602 2792 3686 corrigatur
2820 3604 2885 3669 in

560 3710 822 3784 tantum,
874 3706 1045 3786 quod
1092 3705 1157 3769 in
1203 3704 1495 3787 Gorphoy
1540 3704 1736 3771 instet
1780 3711 1845 3769 et
1890 3704 2244 3787 provideat,
2302 3705 2472 3786 quod
2515 3706 2672 3771 illud
2716 3706 2884 3789 regi·

560 3824 702 3873 men
748 3826 887 3873 cum
928 3806 1098 3873 omni
1143 3806 1471 3889 diligentia
1515 3806 1803 3889 possibili
1847 3806 2080 3871 armari
2120 3806 2314 3873 faciat
2342 3807 2590 3889 galeam
2637 3808 2884 3887 deinde,

562 3926 685 3990 que
734 3926 877 3975 eum
920 3912 1241 3992 sequatur.
1324 3908 1412 3973 Et
1454 3908 1712 3991 insuper
1757 3926 1948 3991 quam
1994 3910 2264 3990 primum
2309 3909 2688 3991 applicuerit
2733 3908 2886 3975 Cor-

560 4008 749 4093 ph0y‚
794 4010 1041 4076 solicite
1081 4028 1201 4092 per
1228 4010 1395 4075 viam
1438 4015 1611 4076 terre
1652 4011 1865 4077 mittat
1894 4010 2328 4093 Regiminibus
2363 4012 2790 4095 Negropontis
2823 4017 2889 4077 et

560 4111 865 4195 Neapolis
922 4113 1226 4179 Romanie
1284 4131 1473 4178 unam
1530 4132 1783 4179 manum
1836 4112 2166 4179 literarum
2217 4119 2580 4180 nostrarum
2625 4114 2684 4178 ei
2727 4114 2884 4179 assi-

528 4202 917 4298 'gnatarnm,
961 4220 1029 4282 et
1070 4215 1207 4298 ipse
1252 4216 1447 4281 etiam
1490 4218 1583 4282 eis
1626 4215 1880 4294 scribat,
1928 4222 2000 4281 ut
2028 4217 2556 4299 quemadmodum
2585 4216 2678 4281 eis
2709 4234 2886 4281 man-

562 4304 783 4385 damus
826 4336 943 4399 per
986 4316 1188 4383 dictas
1234 4316 1473 4399 literas,
1519 4318 1849 4400 quodlibet
1896 4335 2113 4383 eorum
2157 4323 2362 4385 armet
2405 4318 2650 4401 galeam
2686 4336 2886 4398 suam,

486 4434 497 4439 ·
544 4424 633 4485 ''et
674 4438 783 4485 eas
828 4420 1085 4485 mittant
1142 4418 1513 4487 Mothonum
1566 4420 1649 4486 ad
1691 4420 2171 4503 repperiendum
2225 4423 2428 4503 ipsum
2475 4421 2888 4503 Capitaneum

2515 4540 2551 4594 6
