3793 5187
1865 673 1991 740 202

757 878 1164 958 1nnocencio‚
1211 877 1424 944 divina
1466 877 1881 960 providencia
1926 875 2344 946 Sacrosancte
2389 879 2672 946 Romane
2714 898 2790 945 ac
2833 876 3107 945 Univer-

761 982 918 1048 salis
961 980 1247 1048 Ecclesie
1298 981 1553 1048 Summo
1599 979 1894 1048 Pontifici
1938 981 2210 1046 Domino
2260 979 2775 1049 clementissimo.

1063 1099 1327 1171 (Arcln‘vio
1361 1099 1420 1154 di
1458 1099 1614 1154 Staio
1661 1099 1924 1168 Veneza'a).

740 1184 928 1242 ,Bolle
965 1183 1038 1240 ed
1074 1186 1183 1241 atti
1218 1184 1378 1242 della
1412 1183 1594 1240 Curia
1629 1183 1901 1240 Romana
1936 1183 2123 1238 Busta
2156 1183 2239 1238 28.
2274 1181 2521 1241 Polonia
2556 1187 2604 1241 5.

1705 1407 2169 1484 LXXXIX.

1273 1545 1784 1616 mcccckxxxvl.
1831 1545 1949 1613 dic·
1977 1547 2043 1613 Χ.
2086 1546 2311 1614 mensis
2355 1545 2585 1630 Apu-ins.

1295 1681 1710 1748 serenissimo
1755 1679 2027 1747 Domino
2070 1680 2234 1764 Regi
2281 1680 2565 1747 Polonie.

925 1801 1320 1868 Tabellarius
1368 1805 1581 1866 vestre
1623 1799 1995 1870 Maiestatis
2039 1803 2149 1883 qui
2198 1820 2360 1868 nunc
2397 1800 2618 1866 urbem
2663 1810 2943 1866 nostram
2988 1818 3102 1883 ap-

742 1904 982 1986 ·plicuit
1049 1904 1260 1986 regias
1329 1903 1577 1970 litteras
1638 1902 1740 1969 die
1801 1901 1928 1969 111·
1978 1904 2214 1970 mensis
2282 1903 2616 1970 Februarii
2682 1903 2866 1967 datas
2920 1899 3103 1968 nobis

753 2005 1052 2080 reddidit,
1101 2023 1262 2088 quas
1311 2023 1386 2071 eo
1430 2007 1682 2089 quidem
1727 2005 1959 2074 affectu
2009 2007 2386 2090 accepimus,
2452 2011 2519 2071 et
2576 2005 2865 2086 legimus,
2911 2022 3103 2086 quem

733 2117 1002 2177 -mntuns
1042 2127 1218 2174 amor
1258 2114 1476 2176 noster
1519 2115 1711 2192 atque
1753 2111 2003 2177 sincera
2048 2114 2290 2191 nostra,
2339 2111 2405 2174 in
2446 2112 2722 2175 vestram
2766 2105 3093 2173 Serenita-

748 2218 878 2278 tem
925 2211 1222 2291 amicitia,
1267 2217 1333 2277 et
1375 2212 1626 2294 integra
1680 2211 1969 2280 benivole
1984 2213 2121 2279 ntia
2185 2218 2570 2295 exposcunt:
2632 2209 2767 2276 Nec
2806 2215 3102 2294 putamus

732 2315 1066 2397 :sapientie
1105 2315 1283 2398 regie
1323 2321 1537 2381 vestre
1576 2315 1993 2383 Celsitudinis
2046 2315 2307 2382 difficile
2348 2314 2433 2380 sit
2472 2312 2755 2391 credere,
2787 2312 2955 2394 quod
2983 2330 3101 2378 nos

751 2417 974 2484 tedeat
1011 2416 1252 2497 audire,
1299 2417 1474 2482 illam
1519 2419 1735 2500 aliqua
1762 2418 2177 2486 solicitudine
2206 2417 2455 2500 agitari,
2491 2415 2689 2483 omnis
2726 2417 2889 2481 enim
2919 2414 3102 2480 labor

715 2545 738 2554 ..
757 2521 944 2586 unius
991 2519 1324 2586 christiani
1367 2519 1691 2604 principis,
1735 2521 2000 2604 reliquis
2069 2519 2357 2586 omnibus
2401 2517 2780 2586 christicolis
2819 2534 2944 2583 non
2989 2534 3100 2601 po-

756 2630 886 2689 test
926 2641 1054 2689 non
1098 2623 1441 2690 communis
1483 2624 1861 2690 existimari:
1952 2625 2050 2703 Qu
2062 2624 2145 2690 od
2189 2629 2401 2690 autem
2470 2620 2836 2689 Sublimitas
2882 2626 3101 2687 vestra

731 2726 984 2809 -cnpiat,
1029 2731 1105 2791 ut
1140 2743 1281 2791 eam
1324 2726 1663 2793 reddamus
1703 2729 2053 2807 certiorem,
2102 2746 2227 2810 quo
2270 2725 2539 2792 tendant
2577 2724 2926 2789 Turcorum
2969 2722 3093 2789 Im-

743 2830 1058 2910 perator-is
1104 2832 1470 2911 apparatus,
1517 2832 1715 2910 atque
1759 2830 1928 2896 illius
1970 2832 2322 2912 cogitatus:
2409 2826 2704 2893 Profecto
2749 2824 2828 2891 de
2872 2826 3083 2892 animo

745 2936 812 2996 et
855 2929 1350 3012 cogitationibus
1397 2930 1550 3008 suis,
1593 2930 1751 2997 nihil
1795 2931 2010 2999 dicere
2050 2948 2404 3016 possumus,
2477 2948 2619 2995 cum
2684 2927 2791 2994 ille
2836 2946 2955 2995 nos
2992 2929 3089 2995 la-

723 3036 938 3099 ·teant.
1025 3032 1266 3097 Verum
1309 3032 1470 3099 sciat
1509 3033 1818 3101 Maiestas
1863 3040 2102 3117 vestra,
2172 3051 2287 3099 nos
2331 3030 2413 3096 ab
2468 3029 2929 3097 mercatoribus
2969 3048 3085 3096 no-

733 3135 892 3201 stris
934 3134 1046 3216 qui
1100 3136 1340 3218 degunt
1393 3136 1580 3220 Alepi
1645 3138 1984 3222 accepisse,
2054 3139 2119 3202 in
2189 3135 2479 3218 partibus
2542 3135 2671 3201 illis
2735 3134 3087 3200 exercitum

732 3236 972 3321 ¹prefati
1017 3237 1452 3321 Imperatoris,
1519 3238 1604 3305 ad
1661 3240 1896 3305 damna
1944 3238 2193 3305 Sultani
2251 3238 2572 3305 babilonie
2614 3236 2914 3322 reperiri:
2974 3235 3087 3301 Ul-

743 3345 849 3407 tra
893 3357 1082 3421 quem
1125 3339 1384 3421 quidem
1433 3342 1782 3407 exercitum
1815 3342 2097 3424 undique
2136 3341 2430 3425 vulgatur
2474 3348 2541 3408 et
2579 3340 2673 3407 ita
2714 3338 3087 3421 affirmatur,

733 3441 1010 3511 eundem
1055 3443 1402 3509 Turcorum
1447 3444 1912 3527 Imperatorem
1956 3462 2028 3511 se
2090 3462 2161 3511 se
2228 3462 2369 3509 cum
2430 3444 2572 3511 aliis
2628 3443 2760 3511 suis
2821 3442 3083 3523 viribuS,

742 3546 1047 3613 adversus
1095 3545 1340 3611 dictum
1384 3538 1718 3612 Sultanum
1759 3546 2071 3629 dirrigere
2114 3546 2311 3612 velle:
2380 3545 2469 3612 Et
2528 3546 2596 3612 id
2641 3552 2740 3613 est
2783 3545 3086 3629 quicquid

739 3646 820 3713 de
881 3646 1050 3713 illius
1115 3647 1310 3713 rebus
1374 3647 1738 3731 intelligere
1793 3666 2167 3731 possumus:
2255 3649 2440 3727 Quod
2500 3667 2618 3733 pro
2662 3648 3088 3717 benivolentie

737 3756 960 3815 nostre
1003 3748 1210 3816 officio
1251 3755 1464 3817 vestre
1499 3752 1676 3835 regie
1707 3750 2094 3819 Sublimitati
2143 3752 2414 3833 ingenue
2458 3750 2935 3836 significandum
2974 3770 3081 3818 cu-

729 3852 1030 3933 ravimus,
1077 3852 1255 3918 cuius
1297 3855 1634 3931 commodo,
1679 3860 1875 3937 atque
1920 3855 2123 3921 omnis
2168 3853 2429 3921 honoris
2472 3854 2692 3937 glorie,
2761 3859 2829 3920 et
2873 3852 3074 3921 felici-

719 3955 889 4021 tatis
931 3954 1410 4038 amplitudinem
1446 3961 1515 4021 et
1537 3956 1994 4024 incrementum
2026 3957 2454 4040 maximopere
2488 3964 2801 4041 optamuS,
2824 3962 2899 4023 ut
2927 3958 3083 4024 ami-

725 4056 1056 4125 -cissimum
1100 4057 1879 4142 benivolentissimumque
1920 4059 2271 4143 principem
2314 4060 2515 4126 decet.

976 4159 1077 4226 De
1120 4166 1308 4242 parte
1483 4162 1625 4227 158.

975 4246 1076 4312 De
1123 4263 1249 4311 non
1573 4250 1628 4313 1.

971 4330 1118 4397 Non
1161 4332 1394 4397 sinceri
1565 4336 1625 4398 2.

1034 4430 1298 4497 (Archivio
1335 4432 1374 4485 d
1487 4442 1578 4489 ato
1616 4432 1677 4489 dt·
1717 4430 1978 4505 Venezt'a).

803 4516 1229 4573 Deliberazioni
1265 4516 1374 4573 Sen
1447 4546 1478 4581 0
1497 4519 1754 4588 'Soet-eti,
1789 4536 1907 4591 reg.
1940 4519 2013 4576 33
2046 4536 2095 4575 c.
2128 4520 2181 4575 4.

1641 4640 1847 4659 m
