3793 5187
1773 619 1901 682 201

685 829 764 879 ac
803 821 1135 898 presentes
1180 818 1752 902 commendaticias,
1822 819 1955 887 Sibi
2020 819 2193 903 apud
2234 817 2309 884 V.
2353 819 2821 888 Beatitudinem
2866 820 3043 888 Sene

685 915 816 983 ciat
854 915 1172 1000 proficuas
1216 925 1284 986 et
1326 919 1632 989 efficaces.
1720 921 1904 1003 Quod
1947 923 2030 989 ad
2092 921 2475 1007 singularem
2519 921 2793 1007 gratiam
2837 941 3043 1006 repa--

683 1017 859 1086 tabo.
900 1019 1264 1089 Altissimus
1306 1021 1484 1090 Deus
1521 1024 1718 1092 faciat
1761 1024 1923 1092 bene
1965 1024 2181 1092 valere
2226 1024 2289 1091 S.
2336 1025 2417 1091 V.
2461 1043 2581 1108 pro
2625 1024 2793 1092 felici
2833 1026 3039 1094 Statu*

685 1125 754 1187 et
794 1118 1124 1204 Regimine
1165 1124 1451 1193 Ecclesia
1495 1145 1610 1194 sue
1652 1125 1904 1196 Sancte.

887 1225 990 1291 Ex
1029 1225 1222 1293 Vilna
1263 1233 1494 1309 quarta
1536 1227 1641 1295 die
1681 1228 1939 1312 Aprilis,
1984 1231 2168 1297 Anno
2209 1231 2441 1298 domini
2484 1231 2824 1299 Millesimo
2871 1249 3043 1314 qua·-

683 1327 1180 1410 dringentesimo
1224 1331 1656 1414 octuagesimo
1696 1333 1912 1398 tertio.

1090 1430 1392 1500 Eiusdem
1434 1431 1666 1500 Vestra
1709 1433 2081 1502 sanctitatis

1751 1535 2043 1604 Devotus
2082 1535 2251 1604 filius
2291 1537 2824 1606 Kazimirus

2054 1640 2193 1706 Rex
2234 1638 2515 1706 Polonie.

884 1742 970 1824 (Α
1014 1741 1224 1824 ter-90).
1282 1738 1691 1808 Sanctissimo
1734 1741 1801 1807 in
1847 1739 2083 1810 christo
2131 1741 2298 1826 patri
2350 1747 2416 1809 et
2459 1741 2714 1808 domino
2758 1742 3009 1810 domino

679 1840 862 1909 Sixto
923 1840 1133 1908 divina
1192 1841 1595 1910 Providentia
1661 1843 2081 1911 sacrosancte
2152 1844 2438 1911 Romane
2496 1849 2563 1910 et
2627 1843 3044 1912 Universalis-

679 1943 966 2011 Ecclesie
1005 1944 1261 2011 Summo
1298 1943 1590 2014 Pontifici
1633 1945 1890 2013 domino
1936 1945 2416 2014 colendissimo.

987 2079 1252 2151 (Aroma,
1287 2079 1347 2136 ιιι·
1384 2079 1538 2138 Scato
1583 2047 1876 2152 »mas

677 2165 848 2223 Bolle
880 2165 953 2223 ed
994 2165 1105 2222 atti
1137 2165 1294 2223 della
1325 2165 1502 2223 Curia
1534 2165 1823 2224 Romana.
1858 2167 2047 2223 Busta
2079 2167 2165 2223 28.
2205 2165 2453 2223 Polonia
2484 2165 2538 2221 Β.

1589 2391 1793 2408 m

1582 2576 2125 2655 LXXXVIII.

876 2748 1255 2816 Beatissime
1297 2754 1485 2831 pater
1529 2754 1595 2815 et
1639 2748 1896 2816 domine
1960 2747 2465 2815 clementissime.
2549 2744 2739 2813 Mitto
2784 2748 2867 2813 ad
2912 2766 3027 2825 νει-ς
3129 2786 3133 2790 -

685 2855 886 2917 stram
953 2850 1428 2919 Beatitudinem
1500 2850 1943 2918 venerabilem
2014 2851 2057 2917 J
2058 2850 2371 2917 ohannem
2445 2850 2527 2915 de
2598 2848 3027 2933 Targowyska

683 2950 967 3021 Ecclesie
1008 2954 1444 3021 Przemisiensi
1487 2953 1798 3036 Electum,
1845 2958 1915 3020 et
1957 2953 2351 3019 Generosum
2396 2968 2473 3019 ac
2509 2950 2851 3017 Strenuum
2892 2953 3029 3019 Rae

683 3054 970 3137 phaelem
1000 3054 1081 3123 de
1107 3054 1430 3139 Lyesczno
1475 3054 1890 3122 castellanum
1921 3054 2465 3138 Spiezimriensem
2511 3059 2577 3121 et
2608 3052 3029 3137 capitaneum

682 3157 1154 3225 Lanciciensem
1198 3158 1607 3225 Consiliarios
1669 3175 1847 3225 meos
1891 3164 1959 3225 et
2001 3156 2329 3238 Oratores,
2402 3156 2679 3225 debitam
2722 3155 3019 3224 obedien·

685 3260 846 3326 ciam
907 3266 971 3327 et
1023 3262 1454 3327 reverenicam
1497 3262 1714 3328 eedem
1757 3266 1975 3327 vestre
2016 3258 2411 3327 Beatitudini
2456 3265 2524 3326 et
2575 3257 2808 3325 Sancte
2873 3258 3027 3325 Sedi

682 3361 1097 3445 appostolice,
1143 3363 1476 3446 prestandi
1520 3368 1588 3430 et
1623 3362 1917 3430 exibendi
1980 3362 2238 3444 aliaque
2302 3362 2581 3445 negotia,
2654 3364 2721 3428 et
2765 3361 3023 3443 quidem

678 3464 1126 3548 urgentissima
1189 3466 1362 3548 apud
1427 3465 1710 3533 eamdem
1781 3471 2061 3531 vestram
2129 3463 2605 3533 Beatitudinem
2666 3464 2891 3547 agendi
2958 3468 3026 3531 et

679 3566 1132 3649 pertractandi.
1184 3567 1426 3646 Quibus
1473 3569 1695 3634 cadem
1736 3567 2081 3634 Beatitudo
2126 3570 2346 3633 vestra
2381 3565 2721 3649 benignam
2764 3566 3024 3633 audien-

681 3668 843 3737 ciam
878 3668 944 3736 in
988 3668 1272 3737 dicendis
1317 3674 1384 3736 et
1423 3671 1678 3753 plenam
1722 3669 2050 3737 credencie
2110 3666 2302 3736 fidem
2360 3673 2658 3751 prestare
2709 3668 3025 3751 dignetur.

681 3773 886 3851 Quam
926 3772 1324 3856 omnipotens
1373 3773 1530 3840 deus
1571 3772 1820 3839 felicem
1865 3775 1933 3837 et
1969 3771 2206 3839 Sanam
2246 3790 2367 3854 pro
2418 3770 2749 3855 Regimine
2792 3771 3021 3838 Eccle-

677 3875 773 3941 sie
817 3874 945 3942 Sue
986 3874 1214 3943 Sancte
1258 3880 1324 3941 et
1368 3894 1508 3942 mea
1549 3874 1856 3959 singulari
1906 3873 2341 3941 consolatione
2388 3875 2753 3940 conservari
2798 3874 3026 3957 digne--

675 3981 800 4044 tur.
884 3977 1054 4044 Date
1096 3978 1163 4043 in
1205 3978 1462 4045 civitate
1510 3982 1733 4045 nostra
1787 3976 2207 4043 Radomiensi
2269 3974 2465 4043 Sexta
2506 3976 2748 4043 Mensis
2790 3977 3023 4042 Ianua-

675 4081 758 4147 rii
795 4080 981 4147 Anno
1027 4080 1259 4149 domini
1293 4080 1635 4147 Millesimo
1709 4079 2340 4162 quadringentesimo
2384 4078 2777 4161 octogesimo
2818 4084 3015 4145 sexto.

1082 4200 1387 4268 Eiusdem
1427 4207 1640 4269 vestre
1683 4200 2111 4268 Beatitudinis

1591 4304 2038 4371 devotissimus
2080 4300 2248 4368 filius
2288 4299 2350 4366 K
2370 4318 2411 4366 a
2432 4322 2467 4367 z
2490 4300 2513 4366 i
2536 4320 2599 4366 m
2624 4300 2701 4367 ir
2721 4319 2764 4366 u
2786 4318 2817 4366 s

879 4509 956 4593 (A
993 4508 1211 4591 teryo).
1258 4506 1664 4575 Sanctissimo
1703 4507 1768 4575 in
1811 4403 2423 4623 οὴτὶειῐῗχρῖῗέἳΐ
2453 4504 2705 4572 domino
2764 4504 3025 4572 domino
