3793 5187
1872 517 1955 578 22

751 718 993 785 facietis
1039 735 1282 782 omnem
1325 716 1742 782 resistentiam
1785 721 2218 800 opportunam,
2260 723 2335 784 ut
2376 718 2660 784 videatur
2703 721 2768 783 et
2812 737 3087 801 compre-

755 821 988 885 hendat
1030 819 1193 901 quod
1257 837 1382 884 non
1435 837 1648 885 sumus
1709 821 1994 902 dispositi
2038 823 2118 887 ad
2164 820 2365 887 dictas
2408 822 2747 887 solutiones
2791 840 2904 904 pro
2948 839 3087 904 pre-

757 924 944 988 terito
989 941 1102 988 nec
1146 941 1256 1003 pro
1301 920 1511 988 futuro
1557 930 1848 1006 tempore.

968 1037 1090 1109 Sed
1133 1041 1416 1109 volumus
1443 1043 1607 1126 quod
1653 1044 1972 1110 retrahere
2016 1049 2081 1109 et
2121 1044 2409 1110 lutanare
2439 1061 2548 1109 vos
2575 1043 2853 1110 debeatis
2882 1063 2921 1108 a
2946 1062 3087 1126 pra-

761 1147 887 1212 tica.
927 1145 1232 1212 dictarum
1263 1146 1640 1211 solutionum
1677 1152 1742 1212 et
1784 1149 2108 1214 attendere
2134 1147 2413 1214 debeatis
2456 1149 2537 1214 ad
2580 1147 2747 1213 facta
2774 1146 3088 1213 Dalmatia

755 1252 820 1315 et
865 1248 1133 1315 aliarum
1177 1247 1663 1314 differentiarum
1725 1268 1864 1316 cum
1925 1250 2043 1316 hac
2102 1250 2447 1316 intentione
2485 1268 2727 1331 semper
2769 1249 2934 1332 quod
2978 1269 3089 1332 per

760 1351 1213 1417 conclusionem
1257 1351 1444 1433 paciS‚
1513 1370 1634 1433 que
1675 1350 1854 1418 fieret
1889 1371 2015 1417 non
2059 1353 2365 1435 possimus
2420 1351 2648 1417 habere
2690 1352 3089 1434 impedimen-

755 1459 890 1520 tum
960 1455 1037 1519 de
1102 1453 1285 1519 dictis
1347 1453 1759 1520 solutionibus
1813 1454 1975 1520 VII¹¹¹
2031 1457 2397 1521 ducatorum
2456 1472 2570 1538 pro
2627 1455 2924 1536 preterito
2976 1473 3089 1520 nec

761 1576 874 1640 pro
917 1556 1127 1623 futuro
1172 1562 1426 1639 propter
1467 1557 1884 1640 quantitatem
1928 1559 2185 1640 pecunie
2230 1559 2309 1624 de
2352 1577 2475 1641 qua
2518 1557 2619 1624 hic
2657 1558 2940 1624 dabimus
2982 1577 3086 1624 vo-

760 1659 858 1725 bis
905 1659 1258 1725 libertatem
1305 1677 1418 1742 pro
1459 1660 1763 1742 possendo
1800 1661 2086 1727 devenire
2128 1663 2208 1728 ad
2249 1680 2463 1744 pacem
2505 1661 2568 1726 in
2612 1660 2775 1727 hunc
2818 1661 3087 1742 modum,

757 1762 1047 1828 videlicet
1088 1761 1424 1845 peticiones
1469 1781 1615 1829 vero
1659 1769 1870 1829 nostre
1914 1769 2062 1830 sunt
2106 1765 2244 1830 iste.

963 1899 1137 1978 Quod
1175 1899 1530 1981 habeamus,
1577 1900 1961 1966 dominemur
2004 1904 2069 1966 et
2111 1905 2432 1967 teneamus
2473 1899 2727 1984 pacifice
2773 1905 2839 1967 et
2881 1899 3091 1983 quiete

757 2003 825 2068 in
867 2002 1184 2068 Dalmatia
1225 2003 1434 2069 omnia
1499 2021 1618 2084 que
1660 2007 1941 2069 tenemus
1986 2008 2050 2068 et
2091 2004 2475 2086 possidemus
2517 2008 2583 2069 et
2627 2003 2806 2070 nobis
2844 2004 2982 2070 dari
3026 2009 3091 2071 et

755 2105 1060 2187 assignari
1102 2105 1370 2172 debeant
1411 2106 1477 2170 in
1518 2110 1738 2172 nostra
1779 2111 2088 2190 potestate
2132 2113 2197 2173 et
2238 2108 2498 2173 arbitrio
2547 2108 2861 2174 residuum
2892 2107 3088 2173 totius

757 2208 1088 2290 Dalmatie,
1153 2227 1340 2290 quam
1393 2209 1770 2274 Dalmatiam
1829 2227 2043 2275 sumus
2088 2211 2363 2277 contenti
2407 2228 2843 2293 recognoscere
2901 2228 2941 2274 a
2982 2210 3089 2276 do·

757 2311 924 2377 mino
955 2310 1142 2392 Rege,
1189 2329 1416 2377 corona
1458 2316 1523 2376 et
1562 2330 1752 2394 regno
1781 2311 2103 2394 Hungarie
2146 2318 2211 2378 et
2255 2313 2322 2378 in
2367 2313 2611 2395 signum
2654 2312 3089 2394 recognitionis

763 2413 1111 2496 presentari
1153 2412 1355 2479 facere
1397 2413 1563 2478 omni
1606 2431 1768 2479 anno
1812 2414 2062 2480 domino
2100 2414 2297 2498 Regni
2328 2416 2604 2497 predicto
2634 2434 2825 2481 unum
2864 2433 3090 2497 equum

759 2515 1158 2599 cohopertum
1223 2516 1322 2581 vel
1379 2534 1570 2581 unum
1637 2535 1910 2599 pannum
1974 2535 2249 2582 aureum.
2354 2517 2441 2582 Et
2502 2517 2555 2582 si
2620 2536 2767 2600 pars
2831 2518 3091 2583 adversa

759 2619 1008 2685 omnino
1059 2620 1228 2685 volet
1284 2619 1607 2687 excludere
1662 2621 2002 2703 Ragusium
2058 2627 2123 2687 et
2180 2621 2504 2705 Spalatum
2560 2627 2627 2687 et
2667 2621 2808 2687 illas
2852 2622 3091 2687 insulas

753 2740 910 2805 quas
976 2727 1149 2788 tenet
1219 2722 1508 2805 Cravoia‚
1575 2742 1686 2806 pro
1751 2724 1868 2790 hoc
1930 2742 2057 2789 non
2126 2725 2391 2791 desistat
2453 2724 2733 2791 executio
2796 2723 2969 2807 pacis
3027 2729 3092 2789 et

756 2825 1084 2892 concordii.

969 2943 1347 3011 Secundario
1378 2945 1661 3011 volumus
1692 2947 1858 3029 quod
1887 2952 2104 3013 nostro
2134 2946 2405 3013 dominio
2436 2946 2850 3012 restituantur
2879 2963 3091 3012 omnes

757 3052 941 3128 terre,
988 3047 1288 3129 civitates,
1356 3052 1564 3114 castra
1619 3054 1685 3114 et
1743 3050 1880 3115 loca
1922 3049 2272 3133 ubicunque
2316 3049 2443 3115 sita
2492 3068 2613 3132 que
2652 3048 2832 3114 nobis
2879 3047 3092 3113 ablata

756 3154 905 3215 sunt
947 3168 1059 3231 per
1098 3156 1314 3234 gentes
1357 3151 1455 3217 vel
1497 3169 1790 3234 sequaces
1835 3151 2061 3234 prefati
2122 3152 2353 3218 domini
2410 3151 2597 3234 Regis
2644 3157 2710 3217 et
2754 3170 2873 3233 que
2916 3169 3091 3232 repe-

755 3252 1029 3318 rirentur
1072 3252 1285 3319 ablata
1329 3258 1606 3336 tempore
1647 3255 2056 3321 conclusionis
2100 3254 2425 3321 concordii.

955 3389 1170 3455 Tercio
1213 3389 1383 3471 quod
1428 3389 1634 3455 dictus
1677 3390 1963 3457 dominus
2021 3390 2154 3455 Rex
2204 3391 2624 3459 Romanorum
2670 3395 2735 3455 et
2772 3388 3093 3471 Hungarie

762 3492 1092 3575 promittat
1128 3510 1238 3576 per
1265 3510 1350 3572 se,
1395 3490 1654 3558 heredes
1698 3497 1762 3558 et
1804 3510 2187 3559 successores
2230 3511 2356 3558 non
2397 3491 2704 3558 offendere
2747 3510 2862 3558 nec
2902 3491 3091 3556 mole-

751 3602 942 3677 stare,
987 3614 1102 3661 nec
1147 3596 1514 3679 inquietare,
1557 3614 1671 3662 nec
1701 3595 1975 3676 turbare,
2020 3614 2135 3661 nec
2162 3595 2396 3678 aliquid
2426 3599 2638 3678 petere
2667 3614 2708 3661 a
2738 3600 2953 3661 nostro
2983 3594 3093 3659 do-

750 3698 942 3765 minio
972 3717 1084 3781 pro
1114 3698 1327 3779 aliqua
1369 3698 1637 3778 civitate,
1683 3703 1870 3778 terra,
1916 3702 2122 3763 castro
2148 3698 2245 3763 vel
2287 3697 2423 3764 loco
2460 3703 2574 3763 aut
2614 3697 2928 3762 territorio
2970 3714 3092 3779 que

752 3800 1048 3868 habemus
1085 3808 1150 3867 et
1178 3802 1578 3883 possidemuS,
1625 3801 1690 3865 in
1729 3800 1952 3884 quibus
1994 3802 2091 3865 vel
2130 3801 2339 3884 aliquo
2374 3819 2587 3866 eorum
2615 3800 2950 3882 Imperium
2979 3797 3093 3865 ha-

755 3903 930 3970 beret
958 3904 1056 3969 vel
1085 3903 1315 3970 habere
1343 3903 1738 3986 pretenderet
1765 3903 2018 3987 aliquod
2041 3903 2164 3985 juS,
2203 3903 2713 3986 jurisdictionem,
2744 3901 3085 3967 dominium

751 4007 849 4072 vel
895 4005 1466 4090 preheminentiam‚
1542 4008 1648 4073 sed
1713 4006 2079 4089 permittere
2145 4010 2427 4072 nostrum
2489 4003 2829 4071 dominium
2893 4004 3093 4069 dictas

749 4109 1052 4187 civitates,
1107 4114 1327 4191 terras,
1390 4112 1615 4189 castra,
1673 4108 1811 4175 loca
1853 4114 1921 4173 et
1963 4108 2282 4173 territoria
2323 4108 2672 4190 ubicunque
2722 4107 2848 4172 sint
2890 4106 3095 4188 posita

748 4211 1072 4292 dominari,
1115 4211 1464 4294 gubernari,
1509 4216 1720 4277 tenere
1766 4215 1831 4276 et
1873 4211 2189 4293 possidere
2237 4210 2489 4293 pacifice
2532 4213 2596 4275 et
2639 4209 2847 4291 quiete
2876 4213 2941 4273 et
2968 4225 3092 4272 non

746 4315 897 4380 dare
939 4315 1125 4381 alicui
1167 4316 1402 4381 volenti
1464 4314 1772 4381 offendere
1831 4315 1928 4379 vel
1972 4312 2309 4380 offendenti
2353 4313 2563 4379 dictas
2604 4315 2805 4377 terras
2850 4314 2914 4377 et
2955 4308 3093 4376 loca

747 4418 1001 4503 aliquod
1042 4419 1342 4485 auxilium
1383 4417 1481 4485 vel
1522 4418 1816 4483 favorem.
