3793 5187
1973 464 2056 531 98

845 670 919 732 ut
961 666 1019 733 ei
1074 666 1269 733 libeat
1324 666 1558 750 absque
1613 667 1738 734 alio
1794 668 2121 735 intervallo
2181 668 2470 751 expedire
2511 688 2594 751 sc,
2655 674 2721 735 et
2777 668 2992 752 galeas
3033 684 3170 751 pre-

844 768 1073 851 dictae,
1120 788 1307 853 quam
1343 774 1588 852 tempus
1620 788 1746 837 non
1786 771 2026 855 patitur
2061 770 2324 839 ulterius
2375 770 2612 853 differe,
2665 775 2731 838 et
2772 776 2845 837 ut
2886 771 3004 838 hoc
3043 788 3168 836 me-

846 872 970 938 lius
1001 870 1207 940 facere
1236 872 1459 954 valeat,
1496 871 1868 955 nullatenuS‚
1909 892 2024 941 nec
2059 892 2172 957 pro
2201 876 2504 959 expensi&
2543 892 2658 941 nec
2683 892 2797 959 pro
2824 872 3172 959 provisione

846 993 961 1041 sua
1005 975 1337 1059 quicquam
1377 975 1677 1059 accipere,
1738 976 1845 1043 sed
1903 994 2042 1043 cum
2085 976 2214 1043 suis
2258 976 2524 1061 propriis
2567 976 2841 1060 pecuniis
2883 993 2952 1041 se
2990 993 3174 1059 expe-

850 1077 1002 1159 dire,
1068 1084 1135 1145 et
1194 1078 1703 1160 animadvertere,
1766 1078 1930 1163 quod
1977 1082 2218 1145 tantam
2261 1078 2604 1147 incurreret
2645 1078 3062 1163 ignominiam,
3119 1078 3174 1143 si

853 1178 1099 1247 defectu
1137 1180 1253 1262 sui,
1302 1198 1585 1247 accessus
1620 1180 1841 1247 harum
1882 1179 2200 1264 galearum
2236 1181 2682 1263 retardaretur,
2727 1181 2892 1265 quod
2923 1199 3048 1247 non
3075 1198 3173 1247 so·

854 1284 984 1349 lum
1027 1280 1216 1350 debet
1255 1282 1545 1365 pecunias
1605 1302 1752 1351 suas
1808 1302 1924 1367 pro
1980 1282 2263 1366 expensis
2313 1282 2380 1349 in
2433 1284 2638 1366 specie
2697 1283 2755 1351 ei
2810 1281 3175 1351 necessariis

855 1403 1179 1471 exponere,
1208 1386 1317 1453 sed
1344 1385 1532 1452 etiam
1560 1386 1639 1453 ‹le
1664 1384 1790 1452 illis
1819 1404 1933 1470 pro
1960 1385 2347 1469 expeditione
2377 1385 2696 1469 galearum
2723 1386 3174 1472 suprascripta-

852 1508 994 1556 rum
1029 1488 1409 1555 acomodare.
1478 1488 1643 1555 Nam
1688 1508 1801 1555 sua
1834 1488 2370 1556 Reverendissima
2410 1488 2764 1556 Paternitas
2801 1486 2958 1555 bene
2985 1486 3172 1555 habe-

856 1590 952 1658 bit
990 1591 1241 1658 modum
1284 1591 1426 1658 illas
1470 1597 1689 1676 postea
1730 1592 2137 1675 recuperandi
2177 1597 2244 1659 et
2283 1590 2570 1672 habendi,
2609 1590 2696 1657 Et
2737 1592 2792 1657 si
2838 1609 2952 1657 sua
2978 1590 3176 1657 Reve-

860 1692 1232 1761 rendissima
1273 1692 1629 1761 Paternitas
1688 1694 1899 1778 aliquo
1955 1699 2097 1777 eget
2155 1693 2366 1761 favore
2419 1713 2532 1778 pro
2574 1694 2810 1762 decime
2855 1694 3176 1761 exactione

858 1796 1036 1863 illum
1077 1796 1231 1863 dare
1272 1814 1486 1865 sumus
1528 1798 1752 1880 parati,
1806 1797 2018 1881 sicque
2064 1796 2123 1863 ei
2163 1798 2348 1863 detur
2389 1797 2764 1864 auctoritate
2803 1796 2990 1863 huius
3031 1813 3174 1863 oon-

848 1898 991 1981 silii,
1059 1898 1260 1966 omnis
1323 1896 1501 1965 favor
1562 1897 1891 1981 possibilis,
1955 1900 2105 1983 quia
2158 1904 2442 1967 tenemur
2494 1900 2659 1984 quod
2710 1898 2766 1965 si
2816 1897 2974 1965 bene
3010 1897 3174 1965 vide-

860 2000 1097 2069 buntur
1157 2001 1238 2068 he
1298 2000 1599 2083 rationes,
1668 2000 2062 2070 habebuntur
2121 2002 2360 2070 denarii
2423 2002 2504 2069 ad
2567 2000 2998 2071 sufficientiam
3059 2018 3174 2085 pro

853 2103 1247 2188 expeditione
1287 2102 1508 2171 harum
1549 2104 1885 2187 galearum,
1943 2112 2008 2172 et
2049 2106 2236 2186 ultra,
2295 2105 2682 2172 declarantes
2727 2103 2848 2188 ipsi
2899 2121 3011 2170 sue
3054 2102 3173 2169 Re-

850 2204 1292 2273 verendissime
1326 2206 1703 2274 Paternitati
1746 2208 1912 2291 quod
1953 2207 2075 2274 nisi
2116 2208 2315 2275 dictas
2340 2207 2572 2290 galeas,
2617 2206 2794 2273 iuxta
2819 2204 3170 2289 requisitio-

850 2328 1002 2377 nem
1034 2312 1335 2390 nostram,
1398 2310 1687 2393 expedire
1742 2310 2012 2391 studeat,
2073 2310 2376 2377 nollentes
2427 2314 2672 2376 tantum
2715 2308 2850 2393 pati
2889 2326 3065 2388 onus,
3109 2310 3176 2373 et

848 2410 1268 2496 ignominiam,
1319 2429 1459 2479 cum
1506 2411 1628 2477 nisi
1671 2410 1960 2479 Summus
2002 2412 2288 2480 Pontifex
2340 2430 2521 2479 suum
2565 2410 2821 2478 extimet
2861 2408 3172 2491 honorem,

854 2532 968 2582 nos
1010 2518 1293 2581 nostrum
1337 2532 1549 2581 carum
1590 2512 1908 2598 habemus,
1954 2515 2154 2583 eoacti
2196 2517 2424 2581 erimus
2467 2514 2806 2600 providere.

1053 2616 1141 2683 Et
1180 2620 1693 2685 commemoretur
1728 2616 1969 2702 prefato
1996 2617 2529 2686 Reverendissimo
2557 2617 2804 2686 domino
2832 2618 3056 2702 legato,
3099 2635 3174 2684 ac

850 2720 1139 2802 instetur,
1184 2724 1256 2788 ut
1297 2719 1698 2804 provideatur
1746 2719 2276 2789 Reverendissimo
2316 2720 2563 2788 domino
2603 2719 2920 2788 cardinali
2961 2717 3174 2788 Sancti

852 2826 995 2909 Aug
1152 2909 1253 2976 De
1295 2912 1483 2992 parte
1528 2909 1625 2976 92.

1273 3079 1389 3148 Ser
1430 3081 1799 3149 Franciscus
1834 3081 2059 3149 Mauro
2107 3077 2367 3166 Sapiens
2409 3081 2725 3149 Ordinum.

1054 3197 1229 3278 Quod
1270 3197 1593 3266 differatur
1648 3199 1764 3267 hec
1818 3201 2083 3267 materia
2137 3199 2454 3283 galearum
2513 3217 2711 3283 usque
2754 3217 2912 3280 cras,
2972 3203 3040 3266 et
3079 3199 3174 3264 in-

851 3299 1033 3365 terim
1075 3299 1415 3367 dominium
1475 3302 1561 3367 sit
1617 3320 1755 3369 cum
1818 3301 2353 3369 Reverendissimo
2411 3301 2659 3369 domino
2713 3300 3061 3382 Cardinale,
3110 3305 3176 3367 et

851 3419 991 3468 cum
1020 3419 1092 3467 eo
1122 3401 1417 3485 loquatur
1445 3404 1850 3486 apertissime,
1896 3408 1963 3470 et
2005 3403 2390 3487 intelligatur
2432 3403 2896 3487 particulariter
2923 3422 3036 3487 per
3063 3403 3170 3472 do-

852 3502 1113 3570 minium
1157 3505 1451 3589 quicquid
1497 3523 1683 3588 super
1722 3506 1850 3572 ista
1886 3524 2074 3573 causa
2115 3511 2246 3572 tam
2291 3505 2369 3572 de
2403 3505 2690 3587 denariis,
2731 3523 2918 3589 quam
2961 3505 3040 3572 de
3067 3525 3174 3589 ga-

850 3604 987 3688 leiS,
1028 3604 1248 3672 haberi
1294 3611 1362 3672 et
1402 3606 1667 3691 intelligi
1711 3607 1962 3692 poterit,
2008 3615 2073 3674 et
2115 3627 2252 3675 cum
2297 3627 2370 3674 eo
2405 3608 2572 3691 quod
2612 3605 2942 3674 habebitur
2969 3607 3174 3675 venia·

850 3712 957 3776 tur
994 3707 1075 3775 ad
1117 3706 1234 3775 hoc
1275 3707 1617 3776 consilium.

1152 3827 1253 3893 De
1296 3831 1480 3911 parte
1656 3829 1757 3894 11.

1152 3928 1253 3994 De
1294 3947 1421 3995 non
1697 3933 1759 3996 3.

1150 4029 1297 4098 Non
1338 4030 1567 4100 sinceri
1696 4035 1754 4098 0.

1254 4149 1517 4220 (Ambivio
1551 4151 1610 4206 di
1640 4151 1791 4207 Scato
1827 4153 1880 4206 in
1927 4149 2166 4218 Venetia,

850 4233 1286 4297 Deliberazioni
1321 4237 1539 4294 Senato
1580 4235 1823 4306 secreti,
1859 4249 2016 4309 rego·
2057 4239 2123 4293 16
2148 4255 2196 4295 c.
2231 4239 2300 4294 95
2335 4239 2546 4310 tergo.)
