3793 5187
1816 453 1899 526 55

687 661 866 732 ducis
909 663 1150 731 Vitoldi
1186 663 1402 747 Magni
1444 661 1636 730 Ducis
1671 664 1981 746 Lituanie,
2027 665 2387 732 intimorum
2418 665 2755 732 amicorum
2782 669 3026 734 nostro-

687 787 848 850 rum,
913 769 1242 834 tendentes
1286 768 1368 833 ad
1410 767 1650 834 curiam
1695 786 1808 850 pro
1851 766 2035 834 factis
2090 769 2397 836 dictorum
2451 768 2857 851 dominorum,
2920 771 3028 852 qui

682 870 1162 938 ambassiatores
1221 869 1319 935 uti
1386 870 1690 936 sensimus
1731 871 2067 936 secundum
2111 872 2443 938 relationes
2491 889 2655 952 suaS‚
2716 872 3022 953 dixerunt,

683 973 849 1056 quod
891 972 1128 1040 domini
1169 971 1268 1040 sui
1311 971 1614 1038 haberent
1653 972 2096 1056 gratissimum,
2142 975 2307 1056 quod
2350 993 2461 1056 per
2504 980 2787 1040 nostrum
2830 975 3027 1040 domi-

681 1077 854 1143 nium
883 1073 1262 1142 scriberetur
1289 1073 1542 1141 Summo
1578 1075 1858 1142 Pontifici
1887 1083 1953 1143 et
1983 1075 2435 1158 CardinalibuS,
2474 1079 3025 1145 recommendando

684 1179 804 1244 sibi
851 1178 1055 1245 dictos
1099 1177 1581 1245 ambassiatores
1623 1183 1688 1244 et
1725 1178 1892 1244 facta
1936 1197 2067 1244 sua.
2149 1179 2235 1245 Et
2272 1179 2463 1246 faciat
2508 1199 2621 1262 pro
2659 1179 2839 1246 nobis
2882 1200 3025 1246 con·

681 1299 931 1348 servare
958 1280 1439 1346 benivolentiam
1469 1280 1813 1346 Illustrium
1848 1281 2238 1347 dominorum
2270 1283 2686 1365 predictorum
2716 1301 2828 1365 pro
2860 1284 3027 1350 omni

681 1383 845 1450 bona
889 1402 1080 1451 causa
1119 1389 1188 1450 et
1223 1387 1540 1466 respectu3
1588 1382 1780 1449 Vadit
1813 1402 1976 1467 pars,
2025 1385 2193 1466 quod
2235 1386 2610 1451 auctoritate
2654 1385 2839 1452 huius
2882 1405 3025 1452 con·

680 1486 824 1568 silfi,
869 1486 1071 1569 possit
1115 1505 1228 1569 per
1268 1486 1607 1552 dominium
1659 1485 1845 1553 scribi
1898 1485 2151 1554 Summo
2210 1487 2495 1553 Pontifici
2538 1493 2603 1553 et
2644 1489 2769 1554 illis
2812 1507 2887 1554 ex
2928 1509 3023 1554 re-

677 1588 1143 1655 verendissimis
1183 1588 1450 1656 dominis
1498 1587 1951 1672 cardinalibus,
2016 1589 2240 1672 quibus
2282 1589 2613 1672 videbitur,
2673 1590 2739 1654 in
2790 1609 3021 1657 recom-

677 1691 1136 1758 mendationem
1174 1692 1484 1758 dictorum
1521 1691 2039 1760 ambassiatorum
2082 1698 2148 1760 et
2190 1711 2515 1759 causarum
2542 1711 2815 1774 suarum,
2862 1695 3024 1760 sieut

677 1793 1010 1861 videbitur.
1097 1795 1197 1861 Ad
1239 1794 1364 1861 alia
1408 1799 1618 1860 autem
1656 1797 1941 1878 exposita
1989 1815 2101 1878 per
2141 1796 2340 1862 dictos
2384 1794 2881 1876 ambassiatoreS‚
2927 1816 3022 1862 re-

677 1898 1072 1981 spondemus,
1130 1897 1298 1980 quod
1355 1897 1434 1963 de
1488 1897 1656 1963 omni
1717 1899 2133 1981 prosperitate
2176 1903 2241 1964 et
2281 1898 2442 1965 bono
2502 1903 2673 1964 statu
2716 1899 3021 1966 dictorum

679 1999 1070 2067 Serenissimi
1127 1999 1362 2066 domini
1417 2001 1623 2084 Regis
1686 2007 1752 2067 et
1806 2001 2083 2068 Illustris
2138 2001 2329 2067 Ducis
2372 2000 2630 2082 Vitoldi,
2692 2003 3021 2084 recipimus

675 2102 944 2169 letitiam
1009 2107 1077 2168 et
1133 2103 1616 2169 consolatIOnem
1681 2105 2075 2187 singularem,
2143 2109 2438 2186 tanquam
2507 2105 2585 2171 de
2648 2103 3019 2171 cordialibus

676 2205 894 2272 amicis
936 2205 1139 2272 nostri
1179 2205 1455 2285 dominii,
1500 2210 1565 2271 et
1600 2211 1901 2289 quantum
1934 2207 2197 2273 maiores
2226 2207 2670 2290 prosperitates
2700 2207 3017 2287 haberent,

679 2311 926 2374 tantum
967 2307 1263 2374 maiorem
1308 2307 1577 2374 letitiam
1620 2315 1684 2375 et
1725 2311 2015 2392 gaudium
2049 2309 2436 2376 sentiremus.
2500 2311 2587 2375 Et
2614 2314 2870 2394 propter
2897 2310 3021 2376 sin-

675 2411 958 2494 gularem
1001 2429 1293 2491 amorem,
1346 2430 1530 2493 quem
1573 2430 1721 2494 erga
1762 2431 1940 2478 suam
1985 2412 2396 2479 Serenitatem
2440 2417 2506 2478 et
2546 2413 2781 2478 dictum
2824 2413 3022 2478 domi·

678 2532 826 2580 num
870 2513 1108 2580 Ducem
1147 2512 1468 2580 Vitoldum
1528 2514 1844 2597 habemuS,
1902 2533 2175 2582 essemus
2233 2533 2474 2599 semper
2516 2514 2671 2580 bene
2713 2515 3017 2599 dispositi,

676 2618 758 2683 ad
798 2617 1007 2683 omnia
1059 2619 1492 2683 concernentia
1539 2618 1836 2685 honorem
1900 2625 1964 2685 et
2013 2623 2411 2702 augmentum
2470 2618 2565 2684 sui
2610 2624 2831 2684 status,
2920 2620 3020 2683 Ad

675 2718 910 2787 factum
953 2725 1166 2787 autem
1226 2720 1350 2803 lige
1391 2722 1852 2804 respondemus,
1916 2721 2083 2804 quod
2126 2727 2274 2787 sunt
2316 2721 2467 2786 ituri
2512 2720 2910 2802 Florentiam,
2956 2726 3021 2786 et

675 2822 743 2889 in
785 2823 994 2890 reditu
1037 2841 1150 2890 suo
1193 2823 1717 2907 respondebimus

980 2924 1076 2991 De
1119 2930 1296 3009 parte
1409 2931 1508 2993 77.

977 3027 1074 3094 De
1116 3047 1242 3095 non
1451 3034 1506 3095 1.

978 3128 1120 3197 Non
1165 3130 1391 3197 sinceri
1451 3136 1506 3197 1.

1115 3248 1382 3305 (Archtbe'o
1417 3249 1476 3305 di
1506 3250 1658 3305 Staio
1693 3250 1748 3305 in
1794 3248 2029 3319 venezia,

740 3332 1182 3391 Deliberazioni
1219 3334 1440 3391 Senato
1477 3334 1733 3403 Secrete,
1771 3334 1921 3407 Reg.
1958 3335 2007 3397 7.
2046 3339 2207 3390 carte
2247 3333 2383 3401 173.)

1691 3660 1993 3737 XXIV.

1267 3797 1694 3867 mccccxxlm.
1743 3800 1838 3867 die
1880 3800 2009 3867 ΧΙΙΙ.
2054 3797 2407 3883 Ianuarii.*)

875 3964 1035 4032 Cum
1082 3965 1523 4034 Serenissimus
1582 3967 1868 4036 dominus
1926 3970 2061 4035 Rex
2119 3969 2374 4035 Polonie
2424 3968 2730 4036 notificari
2777 3969 3009 4051 fecerit,

671 4072 738 4134 et
777 4086 891 4151 per
931 4068 1152 4135 literas
1193 4087 1358 4151 suas,
1404 4076 1470 4137 et
1513 4089 1626 4154 per
1671 4088 1852 4137 suum
1895 4072 2405 4139 ambassiatorem
2464 4078 2679 4139 nostro
2721 4074 3009 4153 dominio,

672 4170 736 4237 in
779 4171 902 4237 isto
946 4177 1226 4255 tempore
1269 4190 1380 4239 sue
1423 4174 1760 4241 senectutis
1829 4174 2121 4241 habuisse
2179 4193 2371 4241 unum
2412 4174 2607 4241 filium
2648 4174 3009 4261 masculum,

873 4376 936 4448 ff)
1005 4374 1174 4433 More
1210 4382 1445 4435 veneto.
