3793 5187
2041 442 2122 509 92

915 648 1074 717 ferre
1115 648 1377 716 dicendo
1432 647 1551 715 sibi
1595 648 1759 730 quod
1806 666 1918 731 per
1959 646 2202 713 litteras
2246 653 2388 714 tuas
2429 647 2672 731 plenam
2721 647 2896 716 nobis
2940 648 3234 717 noticiam

916 752 1233 819 tradidisti
1274 753 1353 818 de
1396 750 1855 817 humanissimis
1899 749 2400 833 responsionibus
2438 749 2551 816 tibi
2580 750 2746 817 datis
2773 770 2884 835 per
2912 768 3088 819 suam
3115 752 3236 819 Re-

916 852 1081 936 giam
1125 854 1521 920 Maiestatem
1566 871 1722 936 quas
1764 872 1877 936 pro
1915 850 2099 919 solita
2145 851 2443 935 singulari
2486 850 2810 918 affectione
2844 860 3062 921 nostra
3088 859 3238 938 erga

916 958 1121 1039 ipsum
1167 955 1638 1023 Serenissimum
1680 955 1912 1038 Regem
1949 954 2168 1020 libenti
2195 953 2402 1020 animo
2429 953 2864 1035 intelleximus,
2903 961 2970 1022 et
2995 974 3070 1022 eo
3098 957 3236 1040 qui-

914 1058 1055 1125 dem
1093 1056 1387 1125 libentius
1430 1076 1551 1141 quo
1596 1057 1990 1140 cognovimus
2043 1055 2454 1123 Serenitatem
2513 1074 2690 1123 suam
2743 1057 2824 1125 ad
2864 1076 2996 1124 rem
3039 1060 3236 1125 omni·

914 1162 1154 1244 potenti
1218 1162 1350 1227 Deo
1409 1165 1535 1226 tam
1599 1160 2121 1242 acceptissimam,
2191 1158 2432 1241 sibique
2487 1164 2554 1225 et
2610 1158 2948 1227 christiano
3001 1162 3234 1229 nomini

918 1264 1268 1349 gloriosam,
1314 1264 1591 1328 animum
1632 1261 1947 1343 direxisse,
2009 1280 2084 1327 ac
2126 1267 2343 1329 contra
2381 1260 2647 1345 perfidos
2687 1267 2949 1345 teucros,
2995 1264 3235 1348 potenti

914 1385 1103 1432 manu
1146 1365 1262 1432 hac
1307 1368 1509 1431 estate
1552 1365 1801 1431 omnino
1844 1364 2138 1431 accedere
2177 1364 2492 1444 statuisse,
2553 1382 2667 1447 pro
2722 1364 2948 1448 quibus
2989 1366 3234 1449 quidem

914 1468 1197 1535 omnibus
1239 1468 1573 1533 immensas
1612 1468 1847 1551 gratias
1888 1465 2188 1535 habemus
2230 1469 2297 1533 et
2337 1465 2636 1534 debemus·
2672 1484 2784 1533 sue
2823 1466 3014 1552 Regie
3041 1468 3235 1535 Maie-

913 1572 1095 1653 stati,
1156 1574 1596 1654 cognoscentes
1658 1570 1918 1637 eandem
1981 1588 2058 1636 ex
2107 1569 2206 1636 his
2259 1570 2492 1636 sanctis
2551 1570 3012 1651 operationibus
3070 1572 3232 1654 apud

912 1691 1217 1741 summum
1277 1673 1473 1739 Deum
1535 1676 1601 1738 et
1648 1672 1925 1739 homines
1977 1672 2312 1741 maximum
2371 1671 2662 1739 meritum
2715 1677 2781 1739 et
2823 1672 3231 1741 immortalem

906 1775 1156 1843 laudem
1198 1794 1274 1843 ac
1314 1774 1545 1841 famam
1588 1778 1952 1857 perpetuam
1995 1781 2463 1841 consecuturam
2506 1792 2658 1841 esse.

1113 1877 1248 1945 Nos
1289 1896 1435 1944 vero
1480 1876 1587 1959 qui
1632 1881 1705 1943 ut
1748 1894 2148 1959 sepenumero
2191 1875 2458 1943 diximus
2495 1876 2576 1942 ad
2618 1876 2736 1943 hoc
2771 1876 3048 1944 divinum
3076 1895 3230 1961 opus

906 1999 1019 2063 pro
1057 1985 1291 2064 quanto
1334 1980 1415 2047 ad
1457 1997 1571 2045 nos
1614 1978 1844 2045 attinet
1879 1978 2110 2046 fuimus
2153 1984 2218 2046 et
2261 1997 2474 2045 sumus
2517 1984 2653 2046 tota
2689 1984 2897 2046 mente
2923 1979 3228 2063 dispositi,

911 2082 1325 2150 Serenitatem
1368 2100 1545 2148 suam
1584 2080 1990 2149 certissimam
2019 2079 2296 2161 facimus,
2341 2081 2505 2163 quod
2535 2081 2900 2164 postpositis
2927 2081 3229 2163 omnibus»,

908 2186 1099 2251 etiam
1144 2186 1210 2250 in
1253 2183 1838 2267 contemplationem
1880 2202 1992 2251 sue
2033 2182 2224 2268 Regis
2251 2184 2606 2250 Maiestatis
2648 2182 3090 2251 solicitavimus
3129 2203 3229 2250 ar-

912 2291 1293 2353 mamentum
1334 2286 1648 2370 galearum
1687 2286 1953 2353 Romani
1997 2284 2311 2353 Pontificis
2354 2304 2618 2369 quarum
2655 2286 2966 2369 expeditio
2997 2286 3123 2353 iam
3149 2286 3228 2353 ad

912 2390 1073 2456 tales
1114 2389 1413 2455 terminos
1455 2390 1721 2456 deducta
1760 2394 1858 2455 est
1902 2394 1976 2455 ut
2016 2388 2181 2456 infra
2226 2388 2442 2456 breves
2479 2388 2629 2469 dies,
2693 2388 2837 2455 hinc
2879 2394 3120 2456 armate
3159 2396 3226 2456 et

910 2491 1068 2559 bene
1108 2492 1175 2557 in
1218 2496 1451 2573 puncto
1494 2492 1837 2559 disoessure
1892 2491 2039 2573 sint,
2098 2491 2403 2559 Tenentes
2461 2490 2714 2558 indubie
2765 2491 2933 2573 quod
2971 2509 3081 2573 per
3123 2491 3228 2559 bo-

904 2614 1053 2662 num
1094 2597 1373 2679 spacium
1417 2595 1779 2678 prevenient
1823 2598 2186 2662 terrestrem
2245 2593 2723 2662 christianorum
2763 2595 3120 2677 exercitum,
3165 2601 3230 2662 et

906 2697 973 2764 in
1018 2699 1242 2764 strictu
1285 2697 1613 2783 Gallipolis
1654 2715 1723 2764 se
1766 2698 2138 2781 repperient,
2183 2697 2354 2766 ultra
2393 2715 2552 2781 quas
2592 2697 2823 2783 galeas,
2871 2697 3077 2782 cupidi
3121 2715 3228 2764 vo-

906 2801 1037 2868 tive
1080 2801 1456 2868 executionis
1500 2801 1665 2867 tanti
1711 2799 1858 2867 boni
1891 2801 2277 2868 declaramus
2319 2818 2430 2868 sue
2472 2798 2663 2884 Regie
2705 2799 3024 2867 Maiestati
3065 2801 3229 2884 quod

904 2921 1045 2970 cum
1090 2904 1169 2970 de
1212 2903 1487 2987 presenti
1524 2903 1861 2971 habeamus
1903 2909 2180 2970 armatas
2223 2903 2289 2969 in
2336 2903 2494 2970 mari
2523 2920 2648 2969 non
2679 2902 2910 2969 multas
2937 2902 3096 2969 alias
3121 2921 3227 2986 ga-

905 3006 1039 3072 leas
1073 3009 1322 3072 nostras
1366 3006 1752 3089 dessignatas
1802 3008 1883 3073 ad
1943 3007 2070 3072 alia
2125 3005 2372 3090 privata
2419 3010 2654 3086 nostra,
2710 3010 2776 3072 et
2813 3011 3226 3072 mercatorum

900 3113 1257 3176 nostrorum
1312 3108 1560 3192 negotia
1612 3108 2014 3192 disponimus,
2075 3107 2442 3192 postpositis
2496 3108 2780 3191 expensis
2839 3113 2904 3174 et
2944 3108 3227 3175 omnibus

900 3211 1065 3292 aliis,
1128 3229 1205 3276 ex
1258 3211 1387 3278 illis
1427 3211 1615 3278 etiam
1668 3213 1920 3279 mittere
1963 3212 2044 3280 ad
2086 3211 2330 3278 favores
2372 3212 2540 3278 illius
2586 3215 2714 3276 tam
2761 3211 2962 3278 sancti
3003 3211 3224 3296 operis.

901 3313 1269 3380 Notificabis
1312 3315 1501 3382 etiam
1544 3334 1655 3382 sue
1700 3315 2038 3382 Serenitati
2081 3316 2246 3400 quod
2287 3333 2428 3383 cum
2471 3315 2646 3396 alias,
2691 3313 2771 3381 ob
2799 3315 2962 3380 hanc
2991 3314 3223 3398 specia-

901 3416 1025 3481 lem
1070 3433 1321 3482 causam
1348 3416 1756 3484 obtulerimus
1783 3416 2212 3484 Illustrissimo
2241 3417 2489 3483 domino
2515 3416 2659 3484 duci
2695 3414 3050 3500 Burgondie
3071 3435 3224 3500 qua·

899 3523 1044 3583 tuor
1112 3536 1375 3601 corpora
1428 3519 1747 3604 galearum
1812 3523 2165 3586 nostrarum
2222 3519 2468 3586 munita
2521 3517 2808 3584 omnibus
2863 3517 3226 3602 opportunis

907 3621 1139 3688 nostris
1174 3623 1479 3705 expensis.
1565 3621 1737 3690 Idem
1776 3621 2244 3690 Illustrissimus
2283 3623 2570 3690 dominus
2611 3621 2944 3688 novissime
2985 3621 3066 3687 ad
3106 3637 3222 3686 nos

901 3724 1075 3790 misit
1114 3741 1305 3790 unum
1349 3723 1482 3789 eius
1519 3723 2013 3806 precarissimum
2051 3724 2336 3806 nobilem,
2383 3729 2456 3790 ut
2496 3723 2600 3790 hic
2637 3723 2878 3792 solicite
2903 3727 3224 3789 armentur

899 3831 966 3892 et
1008 3825 1419 3909 expediantur
1458 3825 1635 3909 galee
1669 3825 1962 3908 predicte,
2008 3827 2172 3894 cirea
2213 3827 2398 3910 quod,
2445 3844 2562 3893 nos
2587 3826 2775 3892 etiam
2807 3825 3223 3892 omnimodam

901 3930 1181 3994 nostram
1210 3944 1462 4010 operam
1491 3926 1936 3994 adhibebimus.
1997 3928 2174 3997 Dixit
2214 3931 2404 3997 etiam
2431 3929 2609 3996 nobis
2638 3927 2954 4013 predictus
2983 3927 3222 3995 Nobilis

900 4032 1068 4113 quod
1112 4029 1577 4098 illustrissimus
1606 4030 1890 4097 dominus
1933 4033 2058 4099 dux
2097 4031 2376 4117 prefatus
2414 4033 2582 4116 apud
2623 4031 2870 4098 Niciam
2913 4029 3222 4114 provincie

896 4132 1129 4199 armari
1186 4131 1421 4199 fecerat
1480 4139 1607 4198 tros
1650 4133 1865 4218 galeas
1909 4139 1976 4200 et
2019 4153 2201 4200 unam
2241 4136 2572 4218 galeotam,
2627 4153 2786 4218 quas
2839 4133 3024 4199 simul
3075 4151 3216 4198 cum

894 4254 1023 4303 una
1064 4235 1207 4300 navi
1250 4253 1439 4316 quam
1500 4236 1691 4300 etiam
1752 4238 1982 4302 armari
2037 4237 2203 4319 fecit,
2263 4238 2328 4303 in
2388 4237 2506 4303 hoc
2564 4237 2667 4320 pio
2711 4254 2899 4320 opere
2939 4253 3220 4302 exercere

894 4339 1186 4422 disponit.
1268 4337 1400 4403 Hec
1441 4337 1651 4420 igitur,
1720 4356 1859 4404 cum
1918 4340 2010 4405 ita
2051 4340 2181 4405 sint
2236 4345 2521 4424 superest
2560 4344 2634 4405 ut
2676 4357 2790 4422 pro
2832 4339 3041 4405 votiva
3081 4355 3219 4421 per·
