3793 5187
1948 711 2070 774 198

840 912 1383 996 Magnificenciam
1428 933 1629 992 suam,
1695 919 1769 980 ιιι
1824 914 2006 996 regie
2049 910 2435 980 Sublimitati
2476 919 2694 980 nostro
2737 917 2992 982 nomine
3037 935 3181 1000 gra-

833 1015 964 1082 tias
1032 1023 1189 1099 agat
1248 1018 1331 1083 de
1394 1015 1851 1083 humanissima
1912 1017 2094 1098 regia
2159 1017 2528 1098 exceptione
2569 1017 2738 1084 facta
2779 1018 2862 1084 de
2905 1037 3180 1101 persona

834 1119 1068 1185 nobilis
1115 1119 1270 1186 civis
1312 1119 1517 1185 nostri
1560 1117 1881 1185 Ambrosii
1933 1118 2294 1185 contareno
2356 1119 2682 1186 redeuntis
2741 1122 3020 1186 oratoris
3063 1139 3180 1188 no·

828 1221 955 1288 stri
997 1239 1076 1288 ex
1122 1221 1297 1301 Asia,
1348 1227 1415 1287 et
1460 1221 1543 1288 de
1578 1221 1779 1286 multa
1823 1219 2186 1302 crebraque
2229 1221 2688 1304 significatione
2719 1242 2860 1290 cum
2892 1223 3179 1289 omnibus

836 1323 1075 1390 nostris
1116 1323 1477 1390 oratoribus
1523 1327 1593 1388 et
1634 1323 1873 1388 nuntiis
1916 1323 2150 1389 amoris
2191 1323 2258 1388 in
2295 1341 2412 1390 nos
2451 1326 2567 1392 sui.

1037 1427 1135 1494 Ad
1184 1444 1367 1492 suum
1413 1442 1608 1508 grave
1650 1432 1719 1491 et
1758 1425 1950 1492 fidele
1993 1431 2577 1502 memoramentum‚
2622 1433 2697 1494 ut
2743 1428 3020 1509 aliquam
3063 1445 3178 1508 po-

831 1530 961 1596 tius
1003 1530 1481 1610 interponamus
1527 1547 1787 1610 operam
1840 1534 2125 1594 nostram
2183 1545 2302 1608 pro
2349 1529 2798 1612 componendis
2843 1529 3178 1597 discordiis

830 1632 999 1698 inter
1026 1631 1513 1714 Imperatoriam
1544 1631 2002 1698 celsitudinem
2047 1633 2115 1695 et
2155 1630 2302 1696 illos
2334 1631 2711 1698 christianos
2739 1649 2945 1714 reges,
2989 1650 3177 1714 quam

834 1739 1258 1816 expectemus,
1322 1739 1397 1799 ut
1454 1734 1576 1816 ipsi
1634 1752 1752 1816 per
1796 1751 1869 1798 se
1914 1732 2316 1799 concordiam
2356 1735 2571 1800 ineant
2613 1741 2730 1802 etc.
2814 1735 3175 1801 Laudamus

831 1836 1162 1902 consilium
1196 1855 1380 1902 suum
1412 1837 1666 1920 sapiens
1697 1835 2117 1901 christianum
2163 1841 2230 1901 et
2275 1842 2494 1903 nostre
2537 1839 2726 1904 etiam
2763 1836 2931 1903 bone
2965 1837 3178 1919 dispo-

832 1940 1045 2006 sitioni
1089 1943 1157 2004 et
1200 1937 1485 2005 studiose
1530 1939 1847 2004 voluntati
1894 1936 2268 2005 conformis:
2314 1937 2535 2005 Parati
2579 1941 2744 2006 enim
2789 1945 2854 2006 et
2897 1941 3177 2022 prompti

830 2041 1179 2108 fuissemus
1210 2047 1277 2106 et
1308 2059 1525 2106 sumus
1556 2041 1642 2106 ad
1673 2059 1922 2106 omnem
1969 2059 2228 2124 operam
2261 2046 2328 2107 et
2353 2043 2931 2125 interpositionem:
2979 2060 3176 2124 quan-

832 2143 917 2208 do
950 2151 1065 2209 aut
1090 2142 1626 2210 intellexissemus
1657 2148 1770 2208 aut
1798 2143 2300 2226 intelligeremus
2347 2144 2409 2210 id
2453 2143 2837 2228 principibus
2879 2143 3005 2210 illis
3033 2162 3177 2228 gra-

834 2251 971 2311 tum
1016 2263 1177 2327 esse,
1242 2245 1379 2312 sive
1443 2247 1636 2311 rebus
1674 2245 2137 2327 benegerendis
2187 2245 2597 2329 conducibile,
2657 2245 3024 2328 nullumque
3069 2247 3176 2312 de-

834 2352 1261 2415 tractaremus
1304 2346 1595 2413 laborem
1663 2366 1782 2429 pro
1855 2346 2264 2430 pacificandis
2325 2347 2613 2415 omnibns
2679 2349 2972 2415 uniendis
3027 2367 3175 2431 per-

832 2449 1177 2517 suadendis
1242 2455 1310 2517 et
1372 2449 1773 2516 inflamandis
1842 2449 2156 2518 adversus
2225 2452 2737 2532 potentissimum
2783 2456 2850 2517 et
2887 2451 3176 2518 omnibus

829 2551 1314 2620 formidolosum
1362 2551 1611 2620 hostem
1657 2571 1773 2636 pro
1816 2552 2164 2621 universali
2209 2559 2574 2621 cunctorum
2613 2554 2837 2621 salute.

1029 2654 1214 2723 Hanc
1257 2660 1542 2723 nostram
1579 2658 1978 2723 voluntatem
2025 2662 2094 2723 et
2135 2662 2412 2723 mentem
2479 2674 2697 2723 sumus
2762 2656 3045 2723 contenti
3099 2662 3175 2723 ut

834 2756 1321 2841 Magnificencia
1362 2776 1481 2825 sua
1522 2758 1632 2825 ubi
1677 2760 1905 2826 harum
1946 2778 2165 2825 rerum
2209 2776 2423 2825 sermo
2460 2760 2701 2827 incidat
2743 2764 2809 2826 et
2851 2760 3008 2826 utile
3034 2778 3174 2826 aese

828 2861 1034 2944 possit
1078 2860 1358 2928 declaret
1399 2866 1465 2927 et
1508 2860 1813 2927 affirmet:
1880 2862 2049 2929 sicut
2113 2880 2232 2929 nos
2299 2867 2638 2945 postquam
2705 2880 2887 2930 suam
2932 2862 3172 2929 audivi-

831 2980 973 3029 mus
1020 2963 1477 3045 expositionem
1522 2964 1589 3029 in
1631 2963 2033 3046 Hungariam
2078 2963 2427 3031 scribentes
2480 2964 2972 3032 declaravimus:
3039 2964 3170 3030 De-

828 3082 999 3131 mum
1040 3084 1160 3133 nos
1202 3068 1381 3148 regie
1418 3065 1806 3132 Sublimitati
1852 3066 2082 3133 offerat
2123 3067 2217 3134 uti
2263 3066 2493 3134 honori
2537 3068 2960 3151 dignitatique
2995 3068 3171 3150 regie

826 3184 941 3233 sue
982 3168 1289 3234 inservire
1334 3169 1678 3235 valeamus.
1757 3168 2046 3236 Persone
2087 3174 2297 3236 autem
2340 3188 2456 3236 sue
2490 3171 2559 3235 in
2593 3169 2713 3236 hoc
2743 3188 2857 3237 suo
2887 3171 3172 3237 discessu

831 3274 899 3334 et
940 3270 1336 3351 profectione
1402 3268 1723 3337 offerimus
1792 3278 2100 3353 quantum
2165 3278 2454 3354 prestare
2517 3272 2981 3339 commoditatis
3023 3290 3171 3355 pos·

819 3388 1059 3438 sumus.

1067 3474 1168 3540 De
1210 3480 1393 3557 parte
1507 3478 1648 3543 154„

1066 3576 1167 3642 De
1210 3594 1334 3644 non
1599 3582 1654 3643 1.

1068 3680 1123 3746 N
1130 3698 1211 3747 on
1259 3681 1489 3747 sinceri
1592 3686 1651 3746 0.

1125 3816 1389 3886 (Archim‘o
1424 3816 1483 3871 dt·
1514 3816 1668 3872 Scato
1703 3818 1758 3872 in
1804 3816 2065 3883 Vmezia).

888 3900 1316 3957 Deliberazioni
1356 3900 1569 3957 Senato
1606 3903 1845 3971 Socrati,
1882 3920 2001 3974 reg.
2037 3902 2106 3958 28
2144 3918 2190 3958 c.
2233 3903 2315 3959 24.

1792 4245 2210 4325 LXXXV.

1022 4400 1441 4467 Beatissime·
1509 4405 1649 4466 ater
1720 4408 1788 4467 et
1849 4400 2102 4467 domine
2172 4402 2677 4469 clementissime.
2757 4400 2898 4468 Etsi
2946 4402 3164 4468 sedem

822 4510 1108 4571 sanctam
1175 4418 1605 4613 Apostolssn
1680 4504 1763 4569 ad
1830 4504 2291 4571 occurrendum
2361 4523 2810 4588 oppressorum
2874 4504 2958 4571 ad
3024 4522 3165 4571 eam

824 4606 1341 4690 confugientium,
1390 4605 1759 4689 defectibus,
1806 4626 1885 4673 ex
1932 4608 2032 4674 sui
2075 4607 2382 4675 laudabili
2434 4606 2832 4691 providentia
2877 4610 2945 4673 et
2985 4606 3162 4673 beni-
