3793 5187
1961 617 2085 681 190

802 818 1069 886 decima
1112 817 1431 885 cumulata
1470 819 1762 902 promisit
1814 837 1891 885 ex
1937 824 2181 886 statuta
2247 817 2710 887 contributione
2763 819 2917 887 dare
2975 819 3178 886 eidem

821 921 1131 1006 Vayvode
1172 921 1545 988 conveniens
1585 921 1907 988 auxilium.
1989 921 2242 988 Scribat
2285 922 2476 990 etiam
2537 921 2855 991 Sanctitas
2907 922 3045 1006 ipsa
3098 923 3180 990 ad

830 1023 1317 1093 serenissimum
1381 1023 1699 1090 dominum
1758 1043 1974 1108 regem
2029 1025 2374 1108 Hungarie‚
2443 1025 2736 1092 hortetur
2797 1031 2867 1093 et
2921 1027 3181 1092 inducat

838 1128 1244 1195 Maiestatem
1288 1147 1467 1194 suam
1511 1129 1593 1195 ad
1636 1129 2040 1196 scribendum
2107 1134 2176 1196 et
2239 1127 2616 1195 mittendum
2665 1129 2837 1210 quod
2877 1127 3181 1194 maiorem

834 1233 1100 1298 haberet
1137 1230 1481 1298 efficaciam
1526 1233 1609 1299 ad
1650 1232 1917 1300 eundem
1959 1232 2349 1314 Vayvodam‚
2425 1235 2491 1298 et
2556 1232 2639 1297 ad
2681 1231 3182 1312 promittendum

836 1333 929 1399 illi
968 1335 1393 1400 necessarium
1435 1335 1785 1401 subsidium
1828 1339 1893 1401 et
1939 1334 2248 1403 favorem.
2321 1335 2410 1400 Et
2453 1335 2540 1400 sit
2579 1332 2782 1400 forma
2820 1335 3182 1416 scriptionis

834 1437 918 1502 ad
959 1455 1189 1518 regem,
1235 1436 1327 1502 ita
1368 1437 1771 1520 particularis
1809 1441 1873 1504 et
1912 1435 2144 1504 efficax
2187 1443 2262 1503 ut
2302 1437 2483 1503 illum
2525 1443 2778 1502 moveat
2806 1453 2932 1501 non
2976 1436 3183 1502 solum

838 1538 921 1603 ad
964 1539 1365 1606 hortamenta
1416 1540 1625 1607 danda
1664 1539 1994 1623 Vayvode,
2062 1541 2176 1606 sed
2221 1539 2412 1605 etiam
2476 1539 2559 1604 ad
2623 1537 2949 1604 effectuale
3004 1539 3183 1603 auxi-

832 1641 1008 1706 lium.
1058 1641 1147 1707 Et
1186 1660 1317 1708 non
1362 1643 1819 1724 expectandum
1861 1647 1930 1707 et
1971 1643 2379 1725 sperandum,
2447 1640 2560 1707 sed
2620 1641 2811 1707 etiam
2857 1639 3184 1706 conferen-

840 1744 989 1810 dum
1037 1745 1117 1810 de
1160 1745 1461 1827 presenti,
1527 1763 1609 1810 ne
1674 1745 1922 1811 tardior
1982 1743 2151 1810 forte
2217 1744 2303 1810 sit
2368 1743 2570 1810 omnis
2629 1743 2930 1825 provisio,
2993 1761 3182 1824 quam

844 1847 1063 1928 exigat
1104 1848 1321 1929 vigens
1362 1847 1712 1914 necessitas
1759 1847 2011 1913 illarum
2063 1865 2298 1926 rerum,
2347 1851 2412 1913 et
2454 1846 2764 1912 terminus
2804 1863 3000 1927 pasce
3043 1864 3185 1927 pre-

838 1949 1055 2016 finitus
1094 1949 1471 2016 Hemanueli
1500 1967 1541 2016 a
1571 1951 2001 2033 suprascripto
2033 1948 2354 2032 Vayvoda,
2385 1949 2553 2016 sicut
2587 1967 2665 2015 ex
2700 1949 2945 2014 incluso
2978 1967 3185 2014 exem-

842 2051 951 2134 plo
998 2051 1212 2117 videre
1254 2052 1563 2134 poteritis.

1050 2153 1137 2219 Et
1176 2154 1233 2219 si
1276 2153 1445 2220 forte
1488 2153 1778 2221 Summus
1816 2153 2100 2237 pontifex
2155 2155 2239 2222 ad
2297 2155 2672 2221 mittendum
2710 2154 3038 2237 proprium
3089 2159 3185 2219 ta-

850 2255 1181 2321 bellarium
1224 2257 1471 2323 tardior
1514 2263 1702 2338 esset,
1771 2276 1980 2339 quam·
2001 2259 2409 2342 importantia
2451 2258 2691 2340 negotii
2755 2259 2988 2340 exigat,
3039 2275 3187 2339 pro-

848 2364 1068 2424 curate
1112 2376 1227 2424 vos
1272 2357 1508 2425 habere
1552 2359 1773 2426 brevia
1838 2368 1906 2427 et
1969 2359 2078 2426 illa
2136 2361 2372 2426 mittite
2417 2361 2497 2427 ad
2540 2377 2676 2436 nos,
2731 2361 3031 2442 quoniam
3074 2378 3188 2426 nos

844 2460 957 2526 illa
999 2461 1323 2527 mittemus
1366 2460 1901 2529 festinantissime.

1149 2633 1289 2701 Ser.
1336 2634 1562 2702 Iacobo
1610 2636 1689 2701 de
1733 2635 1943 2702 Medio
1987 2636 2242 2702 Oratori
2285 2641 2502 2703 nostro
2544 2636 2608 2701 in
2648 2636 2858 2702 Curia.

1053 2770 1123 2836 Si
1168 2772 1462 2838 Summus
1506 2770 1791 2854 pontifex
1849 2772 1930 2838 ad
1988 2778 2233 2855 partem
2281 2774 2688 2854 pecuniarum
2742 2774 3188 2840 mittendarum

854 2874 935 2939 de
976 2875 1258 2956 presenti
1300 2874 1718 2941 difficiliorem
1764 2878 1877 2939 aut
1921 2873 2258 2941 tardiorem
2303 2892 2372 2940 se
2407 2876 2699 2941 redderet
2741 2881 2806 2942 et
2847 2876 3034 2942 vellet
3076 2894 3190 2959 pro

853 2976 1091 3042 nostris
1135 2978 1457 3058 quiescere
1502 2994 1691 3057 super
1733 2976 1936 3042 forma
1992 2976 2271 3059 generali
2327 2976 2657 3059 scribendi,
2719 2983 2786 3044 et
2824 2980 3191 3061 promittere

856 3079 1201 3145 subsidium
1244 3080 1589 3164 predictum
1636 3079 2089 3161 profectionem
2131 3080 2327 3162 legati
2373 3082 2455 3147 ad
2490 3082 2632 3147 illas
2669 3086 2902 3164 ραι-ωε,
2945 3098 3057 3147 vos
3098 3080 3190 3147 di·

850 3183 993 3262 cite,
1040 3184 1211 3263 quod
1252 3182 1541 3248 vicinitas
1582 3182 1846 3265 periculi
1886 3201 2012 3249 non
2059 3183 2258 3265 exigit
2319 3182 2673 3249 huiusmodi
2733 3184 3190 3249 cunctationem

844 3291 911 3349 et
957 3303 1095 3350 cum
1145 3285 1313 3351 omni
1358 3286 1569 3351 studio
1614 3288 1681 3350 et
1723 3284 1994 3351 efficatia
2031 3286 2277 3369 querite
2319 3289 2385 3351 et
2427 3285 2704 3352 obtinete
2741 3285 2909 3368 quod
2945 3286 3191 3351 Sancti-

852 3392 952 3452 tas
1003 3388 1143 3468 ipsa
1208 3387 1287 3454 de
1342 3390 1778 3471 suprascripta
1839 3390 2195 3470 quantitate
2262 3390 2339 3455 de
2403 3390 2681 3471 presenti
2733 3390 3061 3473 provideat
3121 3393 3195 3454 ut

860 3488 1232 3571 Vayrodam
1277 3492 1633 3557 immediate
1678 3491 1983 3559 certificet
2020 3491 2165 3572 plus
2222 3490 2395 3557 brevi
2453 3496 2518 3558 et
2580 3496 2806 3574 postea
2849 3492 3195 3557 successive

846 3596 1041 3672 atque
1098 3593 1453 3659 immediate
1510 3594 1650 3675 ipso
1713 3592 1940 3659 effectu
1998 3592 2445 3659 mittendarum
2486 3594 2926 3674 pecuniarum3
3009 3594 3098 3658 Et
3138 3594 3194 3659 si

852 3694 1175 3761 beatitudo
1219 3698 1503 3778 predicta
1544 3695 1731 3762 vobis
1783 3697 2181 3780 respondere,
2241 3702 2317 3761 ut
2371 3713 2486 3761 nos
2543 3697 2620 3762 de
2680 3698 2969 3779 portione
3013 3695 3196 3763 nobis

858 3798 1257 3881 contingente
1317 3800 1786 3882 provideremus
1846 3799 2364 3879 mitteremusque
2422 3816 2534 3881 pro
2593 3800 2816 3865 maiori
2874 3799 3196 3865 celeritate

854 3902 1317 3983 suprascriptos
1357 3903 1622 3969 ducatos
1654 3902 1785 3967 ΧΨ.
1828 3903 2018 3968 dicite
2063 3902 2232 3984 quod
2281 3921 2395 3984 pro
2437 3901 2661 3966 maiori
2701 3904 3102 3983 reputatione
3133 3906 3198 3968 et

855 4002 1154 4069 beneficio
1198 4006 1431 4086 negotii
1474 4024 1550 4071 ex
1592 4005 1764 4071 omni
1798 4009 1982 4087 parte
2027 4012 2094 4070 et
2137 4008 2429 4086 respectu
2489 4004 2712 4070 melius
2757 4009 2924 4070 esset
2965 4010 3040 4070 ut
3081 4004 3198 4071 hu-

850 4105 1120 4171 iusmodi
1162 4108 1434 4189 provisio
1493 4107 1572 4174 ab
1630 4108 1985 4174 Sanctitate
2042 4108 2328 4190 predicta
2391 4108 2752 4174 immediate
2812 4109 3196 4190 procederet3

860 4206 979 4274 Sed
1026 4216 1239 4276 tamen
1286 4210 1557 4292 creditis,
1609 4212 1776 4292 quod
1816 4211 2168 4276 dominium
2225 4214 2513 4276 nostrum
2566 4210 2818 4293 cognita
2859 4210 3199 4277 beatitudi-

852 4312 953 4376 nis
1000 4330 1111 4378 sue
1152 4312 1476 4380 voluntate
1519 4314 1613 4379 illi
1658 4314 2056 4394 obsequetur,
2121 4314 2229 4378 sed
2290 4312 2606 4379 Sanctitas
2649 4313 2789 4396 ipsa
2838 4312 3076 4379 scribat
3122 4314 3200 4379 de

855 4412 973 4479 hoc
1018 4422 1083 4480 et
1124 4434 1239 4498 per
1282 4435 1479 4501 unurQ
1520 4434 1701 4482 suum
1740 4416 1928 4482 breve
1973 4420 2152 4481 motu
2194 4416 2450 4498 proprio
2511 4421 2576 4481 et
2635 4434 2712 4480 ex
2749 4415 3003 4497 propria
3057 4434 3200 4482 con-

855 4515 1233 4585 sideratione
1294 4519 1712 4603 periculorum
1764 4518 1983 4585 volens
2039 4518 2165 4585 illis
2229 4535 2556 4585 occurrere
2611 4516 2897 4598 requirat
2947 4536 3062 4585 nos
3119 4518 3202 4584 ad
