3793 5187
1798 683 1923 746 203

1793 971 1965 1051 XC.

1310 1128 1815 1199 MGGGGLXXXW.
1858 1131 1957 1198 die
1994 1130 2242 1198 xxvlm.
2280 1129 2433 1199 iunii.

915 1299 1098 1378 Quod
1143 1297 1525 1366 Reverendo
1571 1303 1638 1365 et
1664 1297 2019 1382 Magnificis
2048 1299 2423 1366 Oratoribus
2454 1300 2727 1368 Cesaree
2747 1300 3051 1368 Maiesta-

694 1403 792 1470 tis
816 1407 882 1470 et
904 1402 1304 1470 Serenissimi
1349 1402 1543 1486 Regis
1587 1403 1870 1484 Polonie,
1899 1403 2009 1486 qui
2038 1421 2115 1470 ea
2158 1403 2277 1470 sub
2308 1402 2515 1470 literis
2558 1403 3050 1471 credentialibus

714 1524 1086 1588 exposuere,
1135 1522 1260 1586 que
1302 1523 1469 1571 nunc
1533 1524 1650 1587 per
1705 1505 2181 1572 Serenissimum
2248 1505 2565 1571 dominum
2619 1504 2861 1572 Ducem
2904 1505 3051 1572 huic

709 1607 974 1674 consilio
1018 1612 1168 1674 sunt
1211 1607 1418 1673 relata
1461 1608 1925 1690 respondeatur
1965 1607 2031 1672 in
2074 1606 2241 1674 hune
2284 1607 2559 1675 modum.

912 1711 1097 1790 Quod
1141 1709 1582 1792 superioribus
1629 1711 1850 1777 diebus
1916 1729 1995 1775 ex
2062 1709 2255 1776 corde
2299 1710 2569 1777 diximus
2610 1709 3048 1792 impresentia-

703 1831 843 1878 rum
889 1811 1163 1878 Seuatus
1210 1813 1465 1878 decreto
1520 1814 1888 1896 repetimus,
1952 1830 2070 1879 nos
2128 1813 2369 1880 scilieet
2430 1811 3049 1880 Reverendissimam

693 1914 1204 1981 dominationem
1252 1921 1317 1981 et
1357 1915 1868 1998 Magnificencias
1926 1921 2175 1982 vestras
2241 1915 2403 1984 adeo
2464 1915 2773 1998 hylariter
2836 1914 3051 1981 videre

709 2023 784 2083 ut
825 2017 1097 2100 amplius
1142 2018 1501 2100 exprimere
1531 2020 1950 2101 nequiremus:
1985 2022 2051 2083 et
2073 2019 2305 2084 merito
2344 2017 2623 2100 quidem:
2674 2016 2838 2084 Sunt
2884 2018 3049 2082 enim

703 2121 904 2203 legati
950 2139 1168 2186 eorum
1209 2121 1773 2186 serenissimorum
1813 2120 2169 2203 principum
2213 2137 2479 2202 quorum
2524 2120 2797 2186 alterum
2837 2121 3049 2202 singu-

704 2223 827 2289 lari
871 2225 1282 2290 veneratione
1329 2223 1505 2288 cultu
1574 2229 1640 2290 et
1703 2223 2126 2306 observantia,
2194 2223 2463 2290 alterum
2526 2242 2680 2290 vero
2744 2223 3049 2307 precipuo

703 2327 937 2394 amoris
983 2331 1050 2393 et
1087 2325 1514 2392 benivolentia
1559 2325 1789 2392 affectu
1860 2344 2078 2392 sumus
2140 2344 2394 2408 semper
2456 2326 2795 2409 prosecuti,
2856 2331 3050 2407 atque

700 2431 870 2493 omni
915 2429 1109 2494 animi
1154 2429 1521 2494 sinceritate
1565 2427 2035 2512 prosequimur.
2122 2427 2389 2495 Accedit
2452 2433 2750 2511 preterea
2799 2429 3052 2510 privata

698 2533 866 2599 ratio
911 2530 1248 2599 cuiuslibet
1290 2548 1712 2616 personarum
1758 2536 2116 2598 vestrarum
2181 2548 2450 2613 quarum
2509 2528 2809 2597 nobilitas
2849 2530 3051 2597 virtus

687 2640 768 2701 et
813 2639 1171 2717 prestantes
1217 2634 1617 2699 conditiones
1669 2634 1979 2700 eiusmodi
2043 2638 2210 2714 sunt,
2277 2650 2400 2714 que
2461 2652 2577 2698 nos
2646 2634 3048 2715 compellunt,

706 2743 780 2804 ut
822 2756 932 2805 eas
980 2737 1324 2804 affectuose
1370 2754 1682 2817 amemus,
1727 2743 2005 2818 utraque
2046 2736 2245 2819 igitur
2286 2737 2534 2801 ratione
2600 2735 2891 2802 videlicet
2932 2755 3048 2818 pu-

690 2837 866 2906 -blica
910 2844 980 2905 et
1021 2840 1274 2921 privata
1313 2844 1535 2923 gratus
1577 2856 1731 2905 sane
1775 2844 1971 2921 atque
2007 2838 2321 2921 jucundus
2377 2836 2563 2904 nobis
2630 2843 2695 2903 et
2746 2838 3043 2904 universo

699 2944 955 3010 senatui
999 2946 1218 3007 nostro
1263 2940 1384 3006 fuit
1424 2946 1491 3007 et
1535 2946 1634 3007 est
1675 2940 1987 3008 adventus
2031 2946 2261 3007 vester.

901 3042 1279 3110 Audivimus
1328 3048 1393 3109 et
1434 3042 1866 3109 intelleximus
1911 3043 2121 3109 omnia
2169 3060 2293 3125 que
2336 3062 2452 3127 per
2494 3048 2831 3127 utramque
2870 3044 3046 3126 lega·

683 3147 937 3213 tionem
981 3164 1111 3211 non
1152 3146 1360 3211 minus
1406 3147 1691 3229 graviter
1738 3150 1806 3213 et
1847 3149 2195 3229 prudenter
2266 3164 2455 3228 quam
2520 3152 2746 3214 ornate
2810 3152 2877 3213 et
2918 3145 3049 3213 ele-

698 3254 927 3333 ganter
967 3248 1218 3316 nomine
1287 3255 1422 3315 tam
1489 3250 1782 3331 Cesaree,
1862 3268 2052 3332 quam
2116 3250 2292 3333 regie
2356 3250 2715 3317 Maiestatis
2760 3268 2879 3315 nec
2918 3268 3047 3315 non

696 3351 1095 3419 Serenissimi
1139 3351 1310 3434 regis
1351 3350 1784 3419 Romanorum
1827 3353 2011 3419 nobis
2057 3353 2347 3435 exposita
2392 3352 2591 3419 fuere:
2673 3352 2763 3418 Et
2802 3352 3045 3435 gratias

695 3454 981 3539 ingentes
1027 3454 1264 3520 eisdem
1312 3454 1558 3535 agimus
1599 3454 2047 3521 Maiestatibus
2089 3472 2206 3537 pro
2248 3453 2619 3521 liberalibus
2663 3460 2859 3537 atque
2908 3472 3044 3521 mu-

683 3555 899 3623 nificis
942 3554 1131 3623 factis
1177 3554 1631 3637 oblationibuS‚
1685 3574 1846 3638 quas
1888 3543 1965 3621 ut
2008 3561 2309 3639 paternas
2378 3562 2445 3623 et
2512 3557 2825 3624 cordiales
2872 3556 3049 3625 filiali

679 3665 762 3726 -et
805 3664 992 3743 grato
1043 3657 1256 3725 animo
1302 3658 1680 3741 accepimus:
1741 3658 2169 3725 Vehementer
2208 3660 2467 3742 insuper
2510 3678 2729 3728 sumus
2770 3660 3049 3728 oblecta—

701 3759 879 3829 tione
941 3758 1172 3841 affecti‚
1243 3759 1323 3826 ob
1386 3779 1466 3826 ea
1533 3780 1658 3842 que
1724 3761 1955 3827 Vestre
2025 3760 2501 3844 Magnificencie
2573 3764 2651 3829 de
2720 3761 3047 3845 sanguinis

692 3864 1136 3931 coniunctione
1183 3862 1392 3946 deque
1437 3864 1682 3930 sincere
1725 3864 2000 3931 amicitie
2044 3872 2111 3930 et
2154 3865 2403 3931 unionis
2463 3865 2633 3931 inter
2689 3865 2865 3949 ipsas
2909 3866 3044 3931 Ma-

692 3967 961 4035 iestates
1005 3964 1256 4031 vinculo
1306 3983 1679 4032 recensere:
1750 3966 1889 4045 Quo
1934 3965 2090 4031 nihil
2141 3966 2479 4049 ‚iucundius
2544 3966 2769 4033 audire
2820 3985 3047 4049 possu-

671 4087 829 4135 mus
858 4087 996 4135 cum
1021 4066 1381 4133 huiusmodi
1419 4067 1797 4151 principium
1831 4068 2191 4135 coniunctio
2221 4068 2557 4135 admodum
2581 4070 2675 4135 rei
2704 4068 3046 4137 christiane

675 4168 992 4238 salutaris
1035 4171 1122 4237 sit
1161 4170 1399 4252 futura,
1444 4175 1645 4253 utque
1683 4170 2089 4251 requisitioni
2128 4171 2301 4238 facte
2328 4171 2825 4255 respondeamus
2868 4170 3047 4238 cuius

707 4272 968 4340 effectus
1011 4278 1160 4356 post
1209 4273 1394 4356 plura
1439 4279 1738 4339 enarrata
1778 4272 1919 4354 fuit,
1986 4278 2058 4339 ut
2099 4275 2269 4356 apud
2336 4274 2657 4339 dominum
2702 4273 3047 4366 Turcorum

691 4394 891 4461 agere
932 4374 1216 4455 velimuS,
1265 4376 1436 4459 quod
1480 4382 1593 4442 aut
1637 4378 1718 4443 ad
1761 4395 2003 4459 pacem,
2054 4382 2169 4442 aut
2222 4377 2303 4443 ad
2346 4376 2633 4447 inducias
2676 4393 2817 4442 cum
2863 4375 3047 4441 Sere-

697 4480 958 4547 nissimo
1005 4479 1265 4546 Polonie
1314 4498 1468 4561 rege
1533 4480 1848 4561 deveniat,
1916 4479 2197 4561 dicimus,
2255 4498 2291 4571 q
2388 4480 2429 4547 d
2473 4478 2759 4563 profecto
2809 4481 2892 4546 ob
2939 4496 3046 4546 ve·

683 4587 907 4649 terem
951 4600 1231 4648 amorem
1276 4583 1385 4663 qui
1428 4600 1677 4665 semper
1724 4581 2107 4649 affectuosus
2175 4582 2327 4649 nobi
2428 4601 2568 4649 cum
2631 4580 2801 4649 illius
2842 4583 3047 4651 Maie-
