3793 5187
1930 630 2056 692 210

1022 827 1109 894 Et
1152 828 1433 911 quamvis
1492 829 1777 912 superius
1834 830 2112 898 dicamus
2169 832 2251 898 de
2303 836 2571 918 utraque
2614 833 2950 900 Maiestate
2997 833 3166 900 vide-

816 929 969 996 licet
1010 929 1327 1012 Imperiali
1372 936 1438 998 et
1478 932 1667 1014 regia,
1716 937 1936 998 nostra
1979 939 2186 1000 tamen
2229 935 2497 1003 intentio
2547 941 2664 1014 est,
2710 936 2878 1019 quod
2924 954 3005 1001 ne
3039 955 3167 1002 una

823 1051 927 1099 res
973 1033 1275 1128 impediat.
1326 1034 1518 1099 aliam
1557 1035 1817 1116 incipias
1860 1055 1902 1100 a
1943 1037 2363 1118 propositione
2423 1037 2651 1120 prefati
2702 1039 2868 1122 regis
2910 1034 3165 1104 Polonie

815 1137 873 1202 si
922 1136 1035 1201 illa
1062 1133 1482 1219 promovenda
1510 1136 1625 1202 tibi
1650 1136 1978 1216 videbitur,
2025 1157 2150 1221 qua
2193 1141 2482 1222 expedita
2518 1145 2583 1206 et
2619 1146 2896 1223 optenta,
2944 1145 3166 1224 postea

818 1238 1217 1320 subsequeris
1262 1238 1433 1303 illam
1474 1238 1908 1320 Imperatoris:
1957 1242 2131 1306 cuius
2169 1243 2472 1308 Maiestas
2513 1244 2674 1325 petit
2718 1243 3000 1309 inducias
3046 1261 3160 1325 pro

820 1344 993 1406 statu
1038 1347 1104 1405 et
1145 1343 1331 1406 terris
1373 1342 1503 1406 suis
1545 1341 1959 1423 hereditariiS,
2007 1344 2060 1408 si
2105 1363 2249 1409 vero
2293 1363 2420 1411 non
2464 1344 2779 1412 obtineres
2830 1364 2944 1426 pro
2991 1364 3154 1428 rege,

812 1461 890 1508 eo
935 1461 1087 1508 casu
1128 1443 1390 1510 desistes
1434 1462 1795 1526 promovere
1838 1463 1970 1510 rem
1999 1444 2436 1528 Imperatoris:
2487 1447 2566 1514 de
2609 1449 2784 1514 cuius
2816 1446 3152 1513 Maiestate

810 1547 1057 1610 nullum
1096 1547 1350 1612 verbum
1391 1545 1597 1611 facies,

1058 1682 1156 1748 De
1200 1688 1381 1764 parte
1496 1684 1639 1748 150.
2329 1685 2433 1750 die
2479 1690 2560 1751 21
2605 1684 2750 1751 Iulii
2797 1688 2982 1752 1486.

1055 1784 1153 1849 De
1193 1802 1320 1849 non
1585 1789 1644 1849 2.

1060 1887 1204 1952 Non
1240 1887 1463 1951 sinceri
1584 1891 1639 1951 1.

1118 2037 1381 2107 (Arche'vio
1416 2037 1475 2090 da·
1505 2035 1659 2091 Stato
1693 2040 1746 2092 in
1794 2038 2047 2099 Venetia).

875 2121 1298 2180 Deliberazioni
1334 2121 1543 2177 Senato
1581 2122 1811 2192 secreti,
1847 2140 1958 2194 reg.
1999 2124 2066 2180 33
2100 2141 2144 2178 c.
2178 2125 2248 2180 23
2284 2131 2323 2180 t.

2155 2321 2235 2336 Al*-

1840 2465 2127 2542 XCIV.

1388 2623 1889 2692 moncel-xxxvi.
1936 2622 2030 2689 die
2075 2624 2136 2689 V.
2177 2623 2564 2706 Septembris.

1008 2793 1183 2873 Quod
1228 2792 1567 2877 Spectabili
1623 2793 1873 2858 domino
1922 2784 2238 2857 Calimaco
2301 2791 2554 2858 Oratori
2609 2791 3005 2859 Serenissimi
3041 2792 3150 2859 do·

800 2894 959 2961 mini
1002 2897 1166 2977 regis
1210 2896 1488 2975 Polonie‚
1558 2896 1665 2976 qui
1718 2895 1879 2961 dixit
1921 2894 2307 2961 deliberasse
2347 2896 2576 2960 reverti
2619 2896 2702 2960 ad
2747 2896 3150 2961 Maiestatem

803 2998 955 3065 dicti
1016 2999 1151 3063 eius
1213 2999 1449 3065 domini
1512 3003 1919 3081 posteaquam
1987 2997 2158 3061 videt
2225 2998 2609 3063 mansionem
2671 3016 2850 3067 suam
2907 2998 3010 3063 hic
3069 2997 3148 3063 ob

812 3118 1063 3166 causam
1135 3120 1246 3183 pro
1310 3120 1438 3183 qua
1502 3100 1803 3167 remansit
1864 3099 2157 3165 videlicet
2216 3117 2330 3182 pro
2397 3099 2686 3165 habenda
2747 3100 3150 3182 responsione

803 3203 972 3268 circa
1016 3207 1285 3268 mentem
1330 3204 1563 3269 domini
1604 3203 1788 3268 Turci
1830 3220 1968 3267 esse
2011 3220 2234 3267 vanam
2277 3201 2358 3267 ob
2399 3202 2740 3267 discessum
2782 3203 2954 3267 illinc
2997 3203 3145 3267 fide-

807 3306 1030 3371 lissimi
1075 3300 1407 3371 Secretarii
1448 3306 1653 3372 nostri
1694 3305 1946 3371 Ioannis
1989 3304 2151 3369 darii
2198 3304 2674 3387 Respondeatur
2716 3310 2790 3369 ut
2831 3303 3013 3369 infra.

1002 3406 1332 3489 Magnifice
1384 3410 1630 3474 domine
1700 3414 1941 3473 orator:
2011 3406 2220 3472 Siamo
2280 3408 2436 3472 certi
2500 3408 2602 3472 ala
2671 3406 3148 3489 Magnificencia

803 3515 1020 3575 vostra
1064 3528 1237 3577 esser
1281 3511 1706 3577 chiaramente
1754 3516 2074 3591 comperto
2118 3511 2231 3575 che
2273 3511 2327 3575 si
2371 3528 2546 3576 come
2603 3509 2667 3573 la
2710 3528 2980 3590 persona
3024 3528 3141 3575 sua

801 3632 838 3679 e
867 3612 1415 3679 affectuosamente
1446 3619 1513 3679 et
1542 3614 1789 3695 quidem
1821 3612 2048 3677 merito
2078 3613 2162 3677 da
2188 3614 2296 3678 nui
2327 3618 2560 3690 amata,
2588 3613 2721 3677 cusi
2751 3617 2889 3677 tuto
2921 3618 3144 3693 questo

801 3722 1012 3796 tempo
1057 3715 1369 3781 lhabiamo
1407 3716 1638 3781 veduta
1679 3714 1872 3780 molto
1918 3715 2278 3795 volentiam,
2327 3721 2392 3780 et
2435 3734 2573 3781 cum
2604 3716 2844 3797 grande
2873 3714 3141 3797 piacere,

794 3824 861 3882 et
895 3818 1027 3883 cusi
1056 3836 1297 3899 sempre
1340 3819 1783 3901 aliegramente
1826 3818 1889 3881 la
1923 3818 2278 3883 vedessemo
2323 3818 2573 3900 quando
2637 3816 2925 3881 lhavesse
2971 3836 3012 3881 a
3045 3835 3144 3882 re-

801 3925 971 3986 stare
1034 3938 1287 4001 apresso
1357 3922 1465 3985 nui
1532 3940 1681 4002 pero
1720 3920 1835 3987 che
1871 3920 2037 3985 oltra
2082 3920 2143 3985 10
2185 3920 2436 4000 publico
2479 3924 2765 4001 respecto
2811 3919 2911 3985 del
2959 3918 3140 3984 Sere-

796 4024 1053 4089 nissimo
1098 4021 1321 4105 Signor
1364 4042 1433 4089 re
1476 4024 1537 4087 la
1593 4024 1833 4089 Maesta
1901 4023 2003 4087 del
2061 4022 2246 4103 quale
2298 4024 2408 4088 nui
2453 4022 2853 4105 prosequimo
2897 4022 2977 4087 de
3021 4023 3144 4087 sin-

792 4126 976 4210 gular
1027 4144 1242 4191 amore
1308 4131 1372 4192 et
1438 4125 1883 4204 benivolentia;
1956 4124 2046 4191 Le
2089 4125 2450 4191 conditione
2491 4124 2571 4189 de
2617 4124 2680 4188 la
2723 4142 2990 4205 persona
3036 4144 3142 4191 vo-

791 4235 943 4311 stra,
1012 4234 1077 4296 et
1142 4228 1206 4294 la
1269 4228 1600 4293 devotione
1663 4232 1730 4293 et
1795 4226 1935 4293 fede
1993 4230 2071 4293 dc
2135 4227 2348 4309 quella
2417 4226 2869 4309 pluriphariam
2931 4246 2972 4291 a
3033 4228 3141 4292 nui

801 4335 1233 4399 demonstrata
1274 4332 1339 4396 la
1382 4330 1445 4395 sa
1489 4332 1689 4412 degna
1754 4331 1868 4396 che
1929 4331 2240 4396 lhabiamo
2285 4350 2396 4411 per
2441 4328 2802 4397 charissimo
2847 4337 2912 4395 et
2956 4332 3140 4396 devo-

793 4436 1036 4500 tissimo
1099 4433 1374 4501 venitian
1516 4439 1686 4500 ostro
1750 4440 1814 4501 et
1866 4434 2512 4517 syncerissimamente
2555 4434 2602 4498 li
2645 4435 2841 4498 siamo
2887 4433 3136 4499 affecio-

790 4538 951 4603 nati:
1006 4538 1133 4613 ,Ma
1190 4428 1513 4623 paream
1531 4537 1635 4604 ala
1699 4536 2172 4618 Magnificencia
2241 4544 2453 4603 vostra
2516 4538 2651 4603 chel
2700 4538 2988 4601 demorar
3029 4538 3140 4618 piu
