3793 5187
1975 613 2099 676 174

846 818 1095 883 nomine
1140 817 1333 882 etiam
1376 821 1575 897 atque
1620 816 1809 881 etiam
1855 815 2289 898 gratulemini3
2343 814 2512 896 quod
2567 817 2804 895 quanto
2832 813 2898 878 id
2924 811 3198 880 feceritis

848 921 1162 1001 copiosius
1224 926 1291 986 et
1336 917 1737 985 affectuosius
1790 923 1969 982 tanto
2021 919 2263 1000 gratius
2307 917 2488 982 nobis
2534 917 2688 981 erit:
2734 917 3030 998 quoniam
3071 935 3198 982 non

854 1029 1069 1106 potest
1134 1023 1267 1087 ulla
1327 1023 1715 1104 prosperitas
1782 1023 2074 1086 accedere
2137 1020 2324 1085 rebus
2381 1021 2549 1102 regie
2593 1018 3012 1084 sublimitatis
3075 1039 3199 1103 que

846 1125 1035 1190 rebus
1080 1144 1207 1190 non
1253 1127 1497 1190 accidat
1542 1124 1902 1190 christianis
1941 1129 2008 1190 et
2048 1128 2499 1205 consequenter
2541 1123 2778 1188 nostris
2821 1124 3090 1205 propriis
3132 1127 3199 1188 et

854 1229 1104 1312 publico
1170 1235 1477 1310 respectu,
1540 1234 1607 1294 et
1673 1228 2038 1311 particulari
2105 1232 2324 1293 nostra
2379 1245 2518 1290 cum
2578 1227 2752 1307 regia
2813 1225 3199 1292 Celsitudine

849 1331 1131 1396 amicicia
1180 1336 1245 1396 et
1298 1332 1754 1396 coniunctione.
1798 1330 2276 1412 Horteminique
2321 1348 2461 1394 cum
2505 1328 2926 1411 gratulatione
2963 1331 3198 1412 regiam

852 1434 1315 1500 Sublimitatem
1374 1434 1455 1498 ad
1518 1434 1981 1515 prosequendas
2030 1433 2326 1498 victorias
2377 1436 2443 1497 et
2490 1432 2552 1495 in
2594 1431 2720 1496 illis
2761 1431 3046 1512 partibus
3089 1432 3198 1497 ubi

850 1542 1033 1602 tanta
1088 1538 1145 1601 ei
1208 1536 1447 1600 affulsit
1508 1536 1775 1600 felicitas
1834 1542 1901 1600 et
1959 1537 2030 1600 in
2083 1535 2368 1617 partibus
2424 1533 2820 1600 inferioribus
2853 1533 2960 1599 ubi
3005 1535 3198 1600 etiam

848 1658 973 1704 non
1032 1641 1282 1704 deseret
1336 1641 1491 1703 deus
1544 1658 1675 1702 rem
1726 1638 2063 1720 propriam.
2151 1639 2251 1703 Ad
2303 1638 2466 1703 hanc
2509 1642 2752 1718 partem
2797 1638 3090 1719 quoniam
3133 1643 3200 1704 et

848 1747 1094 1822 tempus
1154 1750 1219 1806 et
1279 1743 1518 1806 occasio
1564 1740 1742 1806 nobis
1784 1739 2044 1806 mirifice
2089 1739 2350 1805 inservit
2389 1745 2688 1805 consueta
2731 1744 2940 1804 vestra
2981 1742 3196 1806 dexte-

854 1845 1065 1924 ritate,
1112 1851 1177 1909 et
1220 1845 1573 1925 aptitudine
1612 1848 1956 1908 memorate
1999 1844 2166 1924 regie
2209 1841 2646 1908 SublimitatiS.
2735 1843 2808 1906 Id
2849 1843 3016 1924 quod
3060 1843 3198 1924 ipsa

858 1946 1267 2010 nihilominus
1316 1947 1547 2027 optime
1586 1951 1653 2010 et
1686 1947 1969 2010 meminit
2012 1951 2077 2010 et
2119 1965 2232 2028 pro
2272 1948 2680 2028 importantia
2713 1947 2930 2023 librat;
2971 1963 3196 2028 appro-

856 2049 1161 2129 pinquare
1209 2049 1447 2114 scilicet
1488 2049 1822 2113 terminum
1869 2049 2259 2115 induciarum
2305 2069 2446 2114 cum
2491 2049 2899 2114 Serenissimo
2943 2048 3194 2114 domino

848 2169 993 2231 rege
1023 2150 1297 2230 Polonie,
1344 2171 1465 2232 que
1512 2153 1565 2216 si
1606 2151 1887 2217 faciende
1932 2151 2188 2217 fuerunt
2230 2171 2439 2216 rerum
2475 2151 2956 2216 christianarum
2987 2170 3194 2232 causa,

848 2272 1015 2318 nunc
1075 2254 1273 2318 multo
1338 2256 1538 2337 magis
1602 2256 1989 2337 prorogande
2050 2261 2116 2319 et
2174 2254 2588 2320 confirmande
2655 2259 2821 2334 sunt,
2887 2273 2968 2320 ne
3023 2255 3198 2336 regia

848 2357 1211 2422 Sublimitas
1270 2375 1385 2422 sua
1440 2359 1603 2423 vires
1664 2365 1924 2439 cogatur
1974 2377 2235 2423 avocare
2279 2376 2426 2422 suas
2471 2357 2552 2422 ab
2601 2357 2992 2439 expeditione
3031 2357 3195 2422 chri-

850 2461 1072 2540 stiana,
1120 2461 1412 2542 quoniam
1456 2461 1520 2526 id
1569 2466 1735 2526 esset
1782 2462 1983 2526 solum
2029 2481 2168 2526 cum
2217 2460 2688 2542 perturbatione
2727 2465 2792 2525 et
2837 2461 3196 2527 confusione

856 2583 1064 2628 rerum
1110 2564 1408 2643 omnium,
1458 2565 1567 2629 sed
1613 2583 1751 2629 cum
1796 2565 2127 2630 manifesto
2175 2565 2530 2629 discrimine
2573 2567 2778 2629 status
2821 2563 2991 2646 regie
3040 2563 3196 2630 Sub-

846 2666 1135 2730 limitatis
1176 2672 1242 2730 et
1286 2673 1733 2747 consequenter
1778 2668 1972 2732 totius
2019 2667 2532 2747 christianitatis;
2585 2672 2652 2731 et
2708 2674 3042 2749 propterea
3085 2685 3196 2733 vos

849 2773 1063 2832 nostro
1128 2770 1375 2835 nomine
1444 2775 1681 2851 quanto
1746 2772 2014 2851 potestis
2080 2770 2392 2835 efficacius
2457 2771 2830 2852 persuadete
2893 2774 2968 2833 ut
3023 2770 3196 2851 regia

852 2870 1219 2936 Sublimitas
1264 2873 1539 2936 animum
1586 2873 1842 2937 inducat
1884 2877 1949 2937 et
1991 2874 2381 2955 propositum
2427 2872 2635 2937 firmet
2660 2873 3196 2954 prorogandarum

856 2974 1247 3037 induciarum
1288 2976 1730 3055 predictarum,
1800 2982 1865 3039 et
1925 2994 2050 3041 non
2103 2976 2350 3040 desinat
2403 2994 2516 3057 pro
2576 2976 2789 3056 aliqua
2847 2994 3041 3056 parva
3097 2974 3196 3039 vel

856 3078 1044 3139 etiam
1100 3077 1155 3140 si
1202 3077 1533 3158 plusquam
1593 3079 1920 3143 mediocris
1975 3097 2163 3143 causa
2206 3078 2636 3157 intercederet,
2683 3079 2980 3160 quoniam
3021 3078 3197 3141 nulla

855 3184 986 3242 tam
1029 3197 1255 3259 magna
1299 3198 1433 3243 esse
1478 3185 1687 3261 potest
1726 3187 1799 3245 ut
1844 3201 1984 3246 cum
2025 3180 2360 3247 christiana
2389 3181 2620 3247 habeat
2649 3182 3192 3263 comparationem.

848 3280 935 3344 Et
996 3282 1161 3362 quod
1224 3281 1486 3346 dicimus
1540 3284 1618 3348 de
1670 3286 1951 3366 treuguis
2010 3304 2150 3349 cum
2193 3284 2453 3349 Polonia
2505 3289 2570 3349 et
2609 3284 2884 3363 Boemia,
2933 3284 3196 3348 dicimus

854 3383 1047 3447 etiam
1111 3402 1249 3447 cum
1311 3385 1721 3466 Imperatore,
1782 3392 1858 3451 ut
1917 3388 2093 3470 regia
2151 3386 2514 3452 Sublimitas
2566 3405 2682 3453 sua
2737 3386 2936 3451 libera
2987 3385 3073 3451 sit
3114 3384 3195 3450 ab

848 3483 1016 3547 omni
1059 3484 1185 3548 alia
1226 3488 1650 3567 occupatione.

1054 3586 1341 3652 Petiistis
1397 3606 1437 3651 a
1492 3587 1670 3653 nobis
1728 3590 1978 3655 nomine
2030 3591 2203 3673 regio
2263 3595 2336 3655 ut
2377 3590 2774 3657 Maiestatem
2812 3608 2989 3655 sua-m
3031 3589 3194 3655 face-

853 3706 1063 3753 remus
1108 3690 1434 3753 certiorem
1475 3690 1554 3755 de
1602 3692 1995 3757 conclusione
2038 3692 2234 3758 Rome
2278 3694 2464 3774 facta,
2514 3694 2678 3775 quod
2720 3711 2834 3757 nos
2870 3692 3041 3757 nulla
3069 3692 3197 3757 alia

860 3788 1221 3855 obmisimus
1260 3792 1525 3873 ratione,
1593 3794 1716 3859 nisi
1771 3796 2064 3875 quoniam
2111 3803 2494 3877 compertum
2537 3796 2915 3861 habebamus
2959 3795 3197 3877 regiam

855 3890 1319 3959 Sublimitatem
1364 3895 1541 3961 illam
1588 3898 1849 3963 eandem
1894 3918 1934 3963 a
1964 3898 2216 3965 Summo
2244 3900 2538 3981 pontifice
2563 3899 2853 3964 notitiam
2883 3898 3194 3977 habuisse,

851 4014 1045 4077 >quam
1106 4014 1219 4061 nos
1283 3997 1614 4063 habuimus
1676 4006 1805 4064 tam
1861 4002 1940 4065 de
1996 4002 2349 4083 quantitate
2423 4002 2824 4084 pecuniarum
2884 4019 3073 4081 quam
3117 4001 3197 4066 de

864 4099 1047 4163 modo
1091 4098 1233 4165 illas
1278 4101 1709 4167 distribuendi.
1758 4104 2090 4181 Quantitas
2137 4109 2236 4169 est
2265 4104 2630 4170 ducatorum
2665 4106 2786 4169 160
2814 4124 2898 4170 m.
2930 4104 3194 4169 circiter.

857 4200 1085 4267 Modus
1158 4203 1570 4270 distribuendi
1636 4206 1950 4286 repositus
2021 4212 2119 4271 est
2183 4208 2248 4271 in
2321 4207 2579 4273 arbitrio
2649 4205 2983 4289 pontificis.
3069 4204 3196 4269 Ubi

854 4306 1055 4369 maior
1084 4312 1307 4388 urgeat
1334 4326 1543 4372 rerum
1574 4307 2058 4373 christianarum
2085 4311 2424 4375 necessitas
2455 4314 2570 4375 aut
2597 4310 2842 4374 utilitas
2869 4308 3198 4392 proveniat

854 4408 1071 4473 maior.
1151 4409 1290 4475 Hoc
1335 4412 1528 4476 servit
1570 4411 1908 4493 plurimum
1950 4413 2030 4477 ad
2073 4414 2465 4495 propositum
2512 4413 2972 4479 suadendarum
3013 4409 3197 4476 indu.-

792 4560 802 4571 .
850 4512 1087 4577 ciarum
1146 4518 1213 4579 et
1256 4515 1628 4595 aptamenti
1692 4514 2132 4599 suprascripti:
2199 4516 2492 4597 quoniam
2558 4522 2796 4581 certum
2859 4519 2958 4580 est
3027 4512 3198 4595 quod
