3793 5187
1961 521 2046 587 64

824 724 892 785 et
941 720 1097 788 bene
1160 721 1417 788 munitis
1475 724 1557 789 ad
1616 722 1819 790 locum
1876 725 2082 808 ipsum
2139 726 2421 792 misimus
2479 730 2552 792 ut
2591 725 2796 808 ipsum
2843 721 3154 787 Illustrem

830 822 1147 904 dispotum
1190 823 1271 889 ab
1321 842 1396 890 eo
1437 825 1713 906 periculo
1756 826 2113 907 liberarent,
2155 846 2230 894 ac
2272 829 2404 895 eius
2447 830 2569 894 iter
2609 844 2807 908 usque
2851 823 3155 889 Constan-

828 924 1156 1007 tinopolim
1196 930 1400 992 tutum
1447 927 1742 994 facerent.
1803 927 2028 1012 Sicque
2070 949 2182 1013 per
2218 933 2442 997 miram
2471 930 2588 996 Dei
2631 927 3023 995 clementiam
3062 923 3154 988 fa-

830 1031 1001 1092 ctum
1044 1031 1143 1092 est
1184 1031 1259 1093 ut
1298 1046 1422 1093 uno
1464 1029 1677 1095 eodem
1736 1029 1932 1096 ferme
1991 1037 2270 1114 tempore
2311 1037 2376 1098 et
2417 1033 2793 1098 Teucrorum
2845 1026 3156 1094 exercitus

822 1129 889 1194 in
924 1128 1310 1210 Hungariam
1341 1130 1619 1196 delectus
1642 1131 1789 1216 (sic)
1818 1131 2025 1212 fuerit,
2069 1137 2138 1198 et
2163 1132 2296 1215 ipse
2325 1133 2594 1200 Illustris
2619 1133 2914 1218 despotus
2940 1127 3020 1194 ab
3047 1125 3156 1192 illo

827 1229 1103 1311 periculo
1163 1229 1465 1297 liberatus
1510 1249 1693 1314 quem
1735 1234 1912 1316 galee
1955 1233 2062 1298 ille
2097 1240 2310 1300 nostre
2354 1231 2962 1314 Constantinopolim
3011 1246 3154 1294 con·

828 1329 1161 1411 duxerunt,
1215 1349 1479 1414 eumque
1520 1333 1647 1398 iam
1690 1331 1839 1400 illuc
1880 1335 2231 1401 incolumen
2285 1336 2571 1419 attigisse
2613 1353 2737 1400 non
2779 1332 3154 1410 dubitamus,

820 1431 923 1497 hic
966 1437 1064 1499 est
1105 1450 1289 1500 verus
1332 1437 1399 1498 et
1438 1434 1879 1501 substantialis
1907 1435 2162 1502 effectus
2191 1455 2405 1502 eorum
2433 1437 2513 1503 de
2538 1435 2766 1519 quibus
2793 1430 3156 1501 excellentia

818 1535 1039 1598 vestra
1080 1551 1121 1598 a
1156 1533 1335 1600 nobis
1376 1535 1707 1602 certificari
1759 1537 1921 1619 petit
1961 1555 2085 1618 que
2125 1557 2198 1603 ea
2239 1539 2380 1620 ipsa
2421 1539 2614 1604 animi
2657 1536 3018 1604 sinceritate
3055 1551 3156 1600 ea-

824 1652 947 1716 que
986 1639 1165 1702 recta
1204 1635 1549 1703 intentione
1592 1656 1778 1720 quam
1821 1644 1887 1704 et
1929 1657 2044 1705 nos
2087 1645 2153 1705 et
2195 1641 2662 1723 predecessores
2702 1639 2903 1705 nostri
2944 1637 3026 1702 ad
3055 1653 3151 1701 sa·

821 1734 1018 1801 lutem
1059 1741 1126 1803 et
1168 1740 1489 1806 commoda
1527 1739 2004 1806 christianitatis
2051 1741 2360 1808 continuis
2404 1740 2785 1824 temporibus
2827 1737 3152 1804 habuimus

822 1856 1011 1920 quem
1054 1839 1387 1906 admodum
1434 1845 1500 1906 et
1542 1841 1972 1908 celsitudinem
2015 1847 2288 1908 vestram
2333 1842 2566 1910 habere
2593 1843 2872 1910 videmus
2897 1857 3010 1922 per
3035 1838 3150 1903 has

821 1945 1075 2007 nostras
1116 1941 1335 2007 literas
1379 1942 1543 2008 sicut
1580 1945 1901 2026 requiritis
1960 1945 2368 2027 declaramus,
2431 1946 2812 2028 reperiemur
2853 1949 3152 2024 tanquam

816 2044 949 2108 veri
992 2043 1319 2110 christiani
1360 2045 1601 2111 sincera
1643 2051 1709 2111 et
1752 2053 2042 2130 prompta
2084 2054 2292 2114 mente
2333 2047 2644 2130 dispositi.

1027 2144 1126 2208 Ex
1162 2143 1388 2225 quibus
1428 2148 1854 2228 supernatatis
1881 2149 2305 2215 verisimiliter
2333 2148 2714 2214 arbitramur
2739 2145 3019 2228 pericula
3045 2143 3156 2209 illa

828 2243 1079 2310 sublata
1122 2263 1276 2325 esse,
1321 2245 1775 2314 Nichilominus
1810 2267 1925 2330 per
1961 2251 2232 2316 reditum
2260 2249 2583 2332 galearum
2609 2253 2988 2326 nostrarum,
3034 2262 3154 2327 que

821 2345 903 2410 ad
946 2350 1159 2427 partes
1218 2346 1361 2412 illas
1413 2347 1690 2430 profecte
1750 2355 1898 2416 sunt
1955 2367 2111 2433 quas
2169 2351 2236 2415 in
2297 2351 2580 2433 proximo
2635 2354 3034 2430 expectamus
3074 2347 3154 2411 de

818 2445 1105 2511 omnibus
1133 2448 1308 2512 novis
1336 2453 1403 2514 et
1434 2449 1890 2516 conditionibus
1921 2452 2090 2517 illius
2118 2452 2362 2533 imperii
2407 2457 2473 2516 et
2507 2450 2682 2517 urbis
2717 2447 3155 2515 Constantino·

821 2545 1101 2629 politane
1142 2551 1613 2633 ceterarumque
1655 2552 1930 2634 partium
1973 2552 2224 2619 illarum
2254 2571 2466 2621 veram
2508 2556 2576 2619 et
2617 2552 2926 2634 integram
2964 2547 3154 2615 infor-

820 2648 1157 2715 mationem
1200 2649 1431 2717 habere
1474 2669 1813 2734 speramus,
1857 2655 1955 2720 De
1995 2653 2223 2736 quibus
2251 2658 2522 2721 vestram
2553 2653 2983 2720 celsitudinem
3013 2667 3154 2716 con-

818 2749 1014 2815 sciam
1073 2756 1138 2817 et
1196 2752 1563 2835 participem
1629 2752 1908 2821 facimus.
1998 2754 2084 2820 Et
2125 2756 2180 2821 si
2243 2774 2370 2837 qua
2429 2754 2780 2837 provisione
2837 2752 3154 2834 galearum

826 2856 1183 2918 nostrarum
1226 2870 1383 2935 quas
1418 2858 1627 2920 vestra
1668 2853 2032 2921 Sublimitas
2075 2856 2208 2921 suis
2249 2854 2599 2938 sumptibus
2633 2870 2746 2937 per
2773 2870 2889 2919 nos
2925 2850 3156 2918 armari

818 2956 887 3017 et
928 2953 1159 3018 muniri
1198 2953 1364 3019 iusto
1395 2959 1462 3019 et
1490 2955 1848 3021 rationabili
1876 2957 2086 3039 precio
2113 2956 2439 3037 requisivit
2467 2954 2798 3036 expediens
2825 2970 2964 3019 esse
2991 2952 3155 3017 vide-

814 3052 1038 3118 bimus.
1112 3054 1361 3120 Reddat
1400 3074 1470 3121 se
1514 3059 1771 3137 certam,
1815 3058 1983 3138 quod
2029 3062 2161 3122 tam
2203 3058 2270 3121 in
2315 3056 2480 3122 facto
2521 3056 2842 3138 galearum
2871 3070 3062 3135 quam
3088 3052 3156 3115 in

818 3154 1029 3234 precio
1074 3170 1343 3236 congruo
1385 3160 1451 3221 et
1492 3155 1773 3238 honesto,
1818 3175 1895 3221 ac
1935 3158 2001 3223 in
2029 3158 2284 3239 reliquis
2315 3156 2676 3223 excellentie
2703 3162 2910 3222 vestre
2935 3152 3153 3237 gratia,

814 3258 881 3319 et
924 3253 1373 3320 christianitati
1422 3256 1696 3321 comodis
1737 3257 1918 3323 nobis
1982 3256 2408 3339 possibilibus,
2475 3262 2772 3338 tanquam
2813 3257 2948 3322 veri
2993 3252 3154 3321 chri-

819 3354 1011 3419 stiani
1054 3372 1131 3421 ac
1176 3358 1381 3420 vestre
1440 3355 1825 3424 celsitudinis
1880 3357 2434 3427 benivolentissimi
2493 3358 2874 3440 reperiemur
2916 3357 3156 3421 sincere

812 3452 1123 3533 dispositi.

1033 3554 1121 3619 Et
1164 3572 1239 3619 ex
1282 3572 1447 3620 nunc
1490 3556 1574 3620 sit
1616 3562 1885 3638 captum,
1948 3558 2126 3636 Quod
2168 3577 2281 3642 per
2317 3559 2641 3641 collegium
2685 3556 2872 3625 scribi
2909 3556 3156 3639 possint

821 3654 1005 3722 litere
1048 3654 1295 3737 prefato
1336 3654 1587 3721 domino
1642 3657 1787 3722 duci
1828 3658 2185 3740 Burgondie
2241 3679 2355 3742 pro
2410 3660 2594 3726 factis
2637 3658 2807 3724 Petri
2851 3655 3151 3723 Marcello

815 3755 885 3821 in
932 3754 1043 3821 illa
1083 3754 1285 3821 forma
1326 3772 1449 3837 que
1495 3756 1809 3823 videbitur
1844 3759 2014 3826 dicto
2057 3759 2336 3841 collegio.

1119 3872 1216 3936 De
1262 3876 1444 3953 parte
1542 3876 1683 3939 110.

1121 3971 1219 4035 De
1260 3988 1387 4037 non
1621 3978 1680 4039 0.

1120 4071 1267 4137 Non
1310 4072 1533 4141 sinceri
1623 4078 1681 4141 2.

1020 4186 1284 4257 (Archivt'o
1320 4188 1381 4243 do·
1412 4188 1565 4246 Staio
1599 4193 1653 4246 in
1700 4190 1943 4255 Vmezia,

934 4270 1155 4333 Senato
1190 4270 1323 4327 Mar
1356 4286 1515 4361 rego·
1542 4276 1573 4329 1
1613 4280 1777 4331 carte
1814 4272 2008 4345 138to.)
