<?xml version="1.0" encoding="UTF-8"?>
<!DOCTYPE html PUBLIC "-//W3C//DTD XHTML 1.0 Transitional//EN"
    "http://www.w3.org/TR/xhtml1/DTD/xhtml1-transitional.dtd">
<html xmlns="http://www.w3.org/1999/xhtml" xml:lang="en" lang="en">
 <head>
  <title>
</title>
<meta http-equiv="Content-Type" content="text/html;charset=utf-8" />
  <meta name='ocr-system' content='tesseract 3.04.00' />
  <meta name='ocr-capabilities' content='ocr_page ocr_carea ocr_par ocr_line ocrx_word'/>
</head>
<body>
  <div class='ocr_page' id='page_1' title='image "./fontesrerumpolo00unkngoog_0037.png"; bbox 0 0 3793 5187; ppageno 0'>
   <div class='ocr_carea' id='block_1_1' title="bbox 1898 344 1981 406">
    <p class='ocr_par' dir='ltr' id='par_1_1' title="bbox 1898 344 1981 406">
     <span class='ocr_line' id='line_1_1' title="bbox 1898 344 1981 406; baseline 0 0"><span class='ocrx_word' id='word_1_1' title='bbox 1898 344 1981 406; x_wconf 91' lang='grc'><strong>30</strong></span> 
     </span>
    </p>
   </div>
   <div class='ocr_carea' id='block_1_2' title="bbox 1738 430 2145 439">
    <p class='ocr_par' dir='ltr' id='par_1_2' title="bbox 1738 430 2145 439">
     <span class='ocr_line' id='line_1_2' title="bbox 1738 430 2145 439; baseline 0 0"><span class='ocrx_word' id='word_1_2' title='bbox 1738 430 2145 439; x_wconf 95' lang='lat' dir='ltr'><strong> </strong></span> 
     </span>
    </p>
   </div>
   <div class='ocr_carea' id='block_1_3' title="bbox 776 546 3112 4230">
    <p class='ocr_par' dir='ltr' id='par_1_3' title="bbox 777 546 3109 1351">
     <span class='ocr_line' id='line_1_3' title="bbox 777 546 3107 629; baseline 0.001 -19"><span class='ocrx_word' id='word_1_3' title='bbox 777 546 1095 611; x_wconf 81' lang='lat' dir='ltr'><strong>desistatis</strong></span> <span class='ocrx_word' id='word_1_4' title='bbox 1155 546 1358 611; x_wconf 86' lang='lat' dir='ltr'><strong>facere</strong></span> <span class='ocrx_word' id='word_1_5' title='bbox 1415 550 1758 628; x_wconf 81' lang='lat' dir='ltr'>treuguam,</span> <span class='ocrx_word' id='word_1_6' title='bbox 1823 553 1888 612; x_wconf 91' lang='lat' dir='ltr'><strong>et</strong></span> <span class='ocrx_word' id='word_1_7' title='bbox 1938 548 2106 612; x_wconf 88' lang='lat' dir='ltr'><strong>ultra</strong></span> <span class='ocrx_word' id='word_1_8' title='bbox 2148 547 2265 612; x_wconf 87' lang='lat' dir='ltr'><strong>hoc</strong></span> <span class='ocrx_word' id='word_1_9' title='bbox 2307 548 2471 629; x_wconf 90' lang='lat' dir='ltr'><strong>quod</strong></span> <span class='ocrx_word' id='word_1_10' title='bbox 2518 553 2735 614; x_wconf 88' lang='lat' dir='ltr'><strong>nostra</strong></span> <span class='ocrx_word' id='word_1_11' title='bbox 2767 549 3107 615; x_wconf 83' lang='lat' dir='ltr'><strong>dominatio</strong></span> 
     </span>
     <span class='ocr_line' id='line_1_4' title="bbox 777 648 3107 734; baseline 0.002 -22"><span class='ocrx_word' id='word_1_12' title='bbox 777 653 1066 713; x_wconf 90' lang='lat' dir='ltr'><strong>teneatur</strong></span> <span class='ocrx_word' id='word_1_13' title='bbox 1106 653 1392 714; x_wconf 86' lang='lat' dir='ltr'><strong>mutuare</strong></span> <span class='ocrx_word' id='word_1_14' title='bbox 1433 648 1556 714; x_wconf 90' lang='lat' dir='ltr'><strong>Sue</strong></span> <span class='ocrx_word' id='word_1_15' title='bbox 1608 649 1929 714; x_wconf 87' lang='lat' dir='ltr'><strong>Maiestati</strong></span> <span class='ocrx_word' id='word_1_16' title='bbox 1971 651 2230 716; x_wconf 84' lang='lat' dir='ltr'><strong>ducatos</strong></span> <span class='ocrx_word' id='word_1_17' title='bbox 2274 669 2314 714; x_wconf 91' lang='lat' dir='ltr'><strong>a</strong></span> <span class='ocrx_word' id='word_1_18' title='bbox 2352 649 2444 714; x_wconf 75' lang='lat' dir='ltr'><strong>L·n</strong></span> <span class='ocrx_word' id='word_1_19' title='bbox 2490 671 2685 734; x_wconf 89' lang='lat' dir='ltr'><strong>usque</strong></span> <span class='ocrx_word' id='word_1_20' title='bbox 2730 652 2825 717; x_wconf 80' lang='lat' dir='ltr'>C¹²¹</span> <span class='ocrx_word' id='word_1_21' title='bbox 2867 652 3107 719; x_wconf 87' lang='lat' dir='ltr'><strong>solven—</strong></span> 
     </span>
     <span class='ocr_line' id='line_1_5' title="bbox 782 751 3107 837; baseline 0.001 -20"><span class='ocrx_word' id='word_1_22' title='bbox 782 752 1000 817; x_wconf 89' lang='lat' dir='ltr'><strong>dorum</strong></span> <span class='ocrx_word' id='word_1_23' title='bbox 1042 770 1153 833; x_wconf 90' lang='lat' dir='ltr'><strong>per</strong></span> <span class='ocrx_word' id='word_1_24' title='bbox 1196 770 1383 833; x_wconf 90' lang='lat' dir='ltr'><strong>quam</strong></span> <span class='ocrx_word' id='word_1_25' title='bbox 1424 751 1732 834; x_wconf 85' lang='lat' dir='ltr'><strong>longiores</strong></span> <span class='ocrx_word' id='word_1_26' title='bbox 1777 753 2075 818; x_wconf 90' lang='lat' dir='ltr'><strong>terminos</strong></span> <span class='ocrx_word' id='word_1_27' title='bbox 2118 753 2426 834; x_wconf 81' lang='lat' dir='ltr'><strong>poteritiS,</strong></span> <span class='ocrx_word' id='word_1_28' title='bbox 2474 755 2848 821; x_wconf 89' lang='lat' dir='ltr'><strong>declarando</strong></span> <span class='ocrx_word' id='word_1_29' title='bbox 2878 760 2943 821; x_wconf 90' lang='lat' dir='ltr'><strong>et</strong></span> <span class='ocrx_word' id='word_1_30' title='bbox 2972 773 3107 837; x_wconf 91' lang='lat' dir='ltr'><strong>spe-</strong></span> 
     </span>
     <span class='ocr_line' id='line_1_6' title="bbox 783 854 3109 941; baseline 0.002 -22"><span class='ocrx_word' id='word_1_31' title='bbox 783 854 1079 920; x_wconf 88' lang='lat' dir='ltr'><strong>cificando</strong></span> <span class='ocrx_word' id='word_1_32' title='bbox 1122 859 1332 919; x_wconf 88' lang='lat' dir='ltr'><strong>tamen</strong></span> <span class='ocrx_word' id='word_1_33' title='bbox 1362 855 1526 937; x_wconf 89' lang='lat' dir='ltr'><strong>quod</strong></span> <span class='ocrx_word' id='word_1_34' title='bbox 1571 860 1702 919; x_wconf 85' lang='lat' dir='ltr'><strong>tam</strong></span> <span class='ocrx_word' id='word_1_35' title='bbox 1746 856 1801 920; x_wconf 89' lang='lat' dir='ltr'><strong>si</strong></span> <span class='ocrx_word' id='word_1_36' title='bbox 1844 873 1993 939; x_wconf 85' lang='lat' dir='ltr'><strong>pars</strong></span> <span class='ocrx_word' id='word_1_37' title='bbox 2022 857 2283 924; x_wconf 83' lang='lat' dir='ltr'><strong>adversa</strong></span> <span class='ocrx_word' id='word_1_38' title='bbox 2310 858 2433 923; x_wconf 91' lang='lat' dir='ltr'><strong>erit</strong></span> <span class='ocrx_word' id='word_1_39' title='bbox 2462 861 2757 922; x_wconf 91' lang='lat' dir='ltr'><strong>contenta</strong></span> <span class='ocrx_word' id='word_1_40' title='bbox 2781 858 3109 941; x_wconf 80' lang='lat' dir='ltr'><strong>pignorare</strong></span> 
     </span>
     <span class='ocr_line' id='line_1_7' title="bbox 786 956 3107 1043; baseline 0.002 -23"><span class='ocrx_word' id='word_1_41' title='bbox 786 956 964 1022; x_wconf 89' lang='lat' dir='ltr'><strong>nobis</strong></span> <span class='ocrx_word' id='word_1_42' title='bbox 1007 957 1074 1021; x_wconf 89' lang='lat' dir='ltr'><strong>in</strong></span> <span class='ocrx_word' id='word_1_43' title='bbox 1115 956 1233 1022; x_wconf 90' lang='lat' dir='ltr'><strong>hac</strong></span> <span class='ocrx_word' id='word_1_44' title='bbox 1276 963 1540 1039; x_wconf 87' lang='lat' dir='ltr'><strong>treugua</strong></span> <span class='ocrx_word' id='word_1_45' title='bbox 1581 957 1948 1040; x_wconf 83' lang='lat' dir='ltr'><strong>Tragurium</strong></span> <span class='ocrx_word' id='word_1_46' title='bbox 1994 965 2057 1025; x_wconf 91' lang='lat' dir='ltr'><strong>et</strong></span> <span class='ocrx_word' id='word_1_47' title='bbox 2103 959 2473 1040; x_wconf 83' lang='lat' dir='ltr'><strong>Sibenicum,</strong></span> <span class='ocrx_word' id='word_1_48' title='bbox 2520 980 2707 1043; x_wconf 90' lang='lat' dir='ltr'><strong>quam</strong></span> <span class='ocrx_word' id='word_1_49' title='bbox 2748 980 2894 1040; x_wconf 89' lang='lat' dir='ltr'><strong>non,</strong></span> <span class='ocrx_word' id='word_1_50' title='bbox 2941 966 3107 1027; x_wconf 90' lang='lat' dir='ltr'><strong>treu-</strong></span> 
     </span>
     <span class='ocr_line' id='line_1_8' title="bbox 779 1061 3109 1146; baseline 0 -19"><span class='ocrx_word' id='word_1_51' title='bbox 779 1080 904 1144; x_wconf 87' lang='lat' dir='ltr'><strong>gua</strong></span> <span class='ocrx_word' id='word_1_52' title='bbox 948 1080 1068 1143; x_wconf 91' lang='lat' dir='ltr'><strong>que</strong></span> <span class='ocrx_word' id='word_1_53' title='bbox 1087 1083 1092 1088; x_wconf 85' lang='lat'><strong>·</strong></span> <span class='ocrx_word' id='word_1_54' title='bbox 1111 1061 1288 1128; x_wconf 90' lang='lat' dir='ltr'><strong>fieret</strong></span> <span class='ocrx_word' id='word_1_55' title='bbox 1329 1062 1589 1128; x_wconf 89' lang='lat' dir='ltr'><strong>duretur</strong></span> <span class='ocrx_word' id='word_1_56' title='bbox 1631 1067 1876 1128; x_wconf 87' lang='lat' dir='ltr'><strong>tantum</strong></span> <span class='ocrx_word' id='word_1_57' title='bbox 1920 1064 2060 1145; x_wconf 88' lang='lat' dir='ltr'><strong>plus</strong></span> <span class='ocrx_word' id='word_1_58' title='bbox 2098 1069 2401 1144; x_wconf 86' lang='lat' dir='ltr'><strong>quantum</strong></span> <span class='ocrx_word' id='word_1_59' title='bbox 2441 1062 2611 1128; x_wconf 89' lang='lat' dir='ltr'><strong>ultra</strong></span> <span class='ocrx_word' id='word_1_60' title='bbox 2640 1064 2969 1129; x_wconf 85' lang='lat' dir='ltr'><strong>terminum</strong></span> <span class='ocrx_word' id='word_1_61' title='bbox 3002 1063 3109 1146; x_wconf 89' lang='lat' dir='ltr'><strong>qui</strong></span> 
     </span>
     <span class='ocr_line' id='line_1_9' title="bbox 779 1166 3107 1248; baseline 0 -18"><span class='ocrx_word' id='word_1_62' title='bbox 779 1166 901 1230; x_wconf 90' lang='lat' dir='ltr'><strong>erit</strong></span> <span class='ocrx_word' id='word_1_63' title='bbox 942 1167 1008 1231; x_wconf 92' lang='lat' dir='ltr'><strong>in</strong></span> <span class='ocrx_word' id='word_1_64' title='bbox 1054 1170 1317 1248; x_wconf 89' lang='lat' dir='ltr'><strong>treugua</strong></span> <span class='ocrx_word' id='word_1_65' title='bbox 1345 1166 1748 1248; x_wconf 87' lang='lat' dir='ltr'><strong>specificatus,</strong></span> <span class='ocrx_word' id='word_1_66' title='bbox 1795 1166 2139 1232; x_wconf 90' lang='lat' dir='ltr'><strong>induciabit</strong></span> <span class='ocrx_word' id='word_1_67' title='bbox 2176 1185 2323 1248; x_wconf 83' lang='lat' dir='ltr'><strong>pars</strong></span> <span class='ocrx_word' id='word_1_68' title='bbox 2352 1166 2613 1232; x_wconf 87' lang='lat' dir='ltr'><strong>adversa</strong></span> <span class='ocrx_word' id='word_1_69' title='bbox 2640 1168 2971 1233; x_wconf 79' lang='lat' dir='ltr'><strong>restituere</strong></span> <span class='ocrx_word' id='word_1_70' title='bbox 2998 1185 3107 1231; x_wconf 91' lang='lat' dir='ltr'><strong>no-</strong></span> 
     </span>
     <span class='ocr_line' id='line_1_10' title="bbox 781 1268 2571 1351; baseline 0.001 -18"><span class='ocrx_word' id='word_1_71' title='bbox 781 1268 876 1333; x_wconf 91' lang='lat' dir='ltr'><strong>bis</strong></span> <span class='ocrx_word' id='word_1_72' title='bbox 919 1269 1214 1350; x_wconf 83' lang='lat' dir='ltr'><strong>pecunias</strong></span> <span class='ocrx_word' id='word_1_73' title='bbox 1256 1274 1578 1336; x_wconf 87' lang='lat' dir='ltr'><strong>mutuatas</strong></span> <span class='ocrx_word' id='word_1_74' title='bbox 1620 1288 1732 1351; x_wconf 87' lang='lat' dir='ltr'><strong>per</strong></span> <span class='ocrx_word' id='word_1_75' title='bbox 1776 1268 2037 1334; x_wconf 89' lang='lat' dir='ltr'><strong>formam</strong></span> <span class='ocrx_word' id='word_1_76' title='bbox 2080 1268 2245 1334; x_wconf 91' lang='lat' dir='ltr'><strong>dicte</strong></span> <span class='ocrx_word' id='word_1_77' title='bbox 2294 1274 2571 1351; x_wconf 89' lang='lat' dir='ltr'><strong>treugue.</strong></span> 
     </span>
    </p>

    <p class='ocr_par' dir='ltr' id='par_1_4' title="bbox 776 1370 3109 2482">
     <span class='ocr_line' id='line_1_11' title="bbox 981 1370 3108 1454; baseline 0 -18"><span class='ocrx_word' id='word_1_78' title='bbox 981 1371 1242 1453; x_wconf 89' lang='lat' dir='ltr'><strong>Insuper</strong></span> <span class='ocrx_word' id='word_1_79' title='bbox 1285 1371 1568 1436; x_wconf 89' lang='lat' dir='ltr'><strong>habeatis</strong></span> <span class='ocrx_word' id='word_1_80' title='bbox 1611 1371 1804 1436; x_wconf 88' lang='lat' dir='ltr'><strong>menti</strong></span> <span class='ocrx_word' id='word_1_81' title='bbox 1848 1372 1903 1436; x_wconf 89' lang='lat' dir='ltr'><strong>si</strong></span> <span class='ocrx_word' id='word_1_82' title='bbox 1946 1370 2327 1436; x_wconf 89' lang='lat' dir='ltr'><strong>concludetis</strong></span> <span class='ocrx_word' id='word_1_83' title='bbox 2382 1372 2449 1436; x_wconf 92' lang='lat' dir='ltr'><strong>in</strong></span> <span class='ocrx_word' id='word_1_84' title='bbox 2499 1390 2651 1454; x_wconf 87' lang='lat' dir='ltr'><strong>pace</strong></span> <span class='ocrx_word' id='word_1_85' title='bbox 2693 1371 2789 1436; x_wconf 85' lang='lat' dir='ltr'><strong>vel</strong></span> <span class='ocrx_word' id='word_1_86' title='bbox 2833 1372 2898 1436; x_wconf 92' lang='lat' dir='ltr'><strong>in</strong></span> <span class='ocrx_word' id='word_1_87' title='bbox 2942 1376 3108 1436; x_wconf 91' lang='lat' dir='ltr'><strong>treu-</strong></span> 
     </span>
     <span class='ocr_line' id='line_1_12' title="bbox 776 1472 3109 1556; baseline 0.001 -18"><span class='ocrx_word' id='word_1_88' title='bbox 776 1493 918 1556; x_wconf 91' lang='lat' dir='ltr'><strong>gua,</strong></span> <span class='ocrx_word' id='word_1_89' title='bbox 979 1474 1058 1538; x_wconf 91' lang='lat' dir='ltr'><strong>de</strong></span> <span class='ocrx_word' id='word_1_90' title='bbox 1099 1474 1378 1539; x_wconf 85' lang='lat' dir='ltr'><strong>faciendo</strong></span> <span class='ocrx_word' id='word_1_91' title='bbox 1423 1472 1557 1539; x_wconf 90' lang='lat' dir='ltr'><strong>fieri</strong></span> <span class='ocrx_word' id='word_1_92' title='bbox 1595 1479 1661 1539; x_wconf 91' lang='lat' dir='ltr'><strong>et</strong></span> <span class='ocrx_word' id='word_1_93' title='bbox 1701 1473 1910 1555; x_wconf 89' lang='lat' dir='ltr'><strong>rogari</strong></span> <span class='ocrx_word' id='word_1_94' title='bbox 1967 1473 2387 1538; x_wconf 85' lang='lat' dir='ltr'><strong>instrumenta</strong></span> <span class='ocrx_word' id='word_1_95' title='bbox 2428 1474 2494 1539; x_wconf 93' lang='lat' dir='ltr'><strong>in</strong></span> <span class='ocrx_word' id='word_1_96' title='bbox 2538 1473 2867 1540; x_wconf 86' lang='lat' dir='ltr'><strong>sufficienti</strong></span> <span class='ocrx_word' id='word_1_97' title='bbox 2909 1472 3109 1540; x_wconf 88' lang='lat' dir='ltr'><strong>forma</strong></span> 
     </span>
     <span class='ocr_line' id='line_1_13' title="bbox 778 1575 3109 1659; baseline 0 -18"><span class='ocrx_word' id='word_1_98' title='bbox 778 1582 842 1641; x_wconf 89' lang='lat' dir='ltr'><strong>et</strong></span> <span class='ocrx_word' id='word_1_99' title='bbox 885 1595 1025 1642; x_wconf 91' lang='lat' dir='ltr'><strong>cum</strong></span> <span class='ocrx_word' id='word_1_100' title='bbox 1068 1575 1563 1642; x_wconf 83' lang='lat' dir='ltr'><strong>solemnitatibus</strong></span> <span class='ocrx_word' id='word_1_101' title='bbox 1608 1577 1973 1658; x_wconf 87' lang='lat' dir='ltr'><strong>opportunis</strong></span> <span class='ocrx_word' id='word_1_102' title='bbox 2016 1580 2082 1642; x_wconf 92' lang='lat' dir='ltr'><strong>et</strong></span> <span class='ocrx_word' id='word_1_103' title='bbox 2125 1578 2455 1643; x_wconf 87' lang='lat' dir='ltr'><strong>extendere</strong></span> <span class='ocrx_word' id='word_1_104' title='bbox 2484 1577 2759 1659; x_wconf 88' lang='lat' dir='ltr'><strong>capitula</strong></span> <span class='ocrx_word' id='word_1_105' title='bbox 2801 1579 2867 1642; x_wconf 94' lang='lat' dir='ltr'><strong>in</strong></span> <span class='ocrx_word' id='word_1_106' title='bbox 2909 1576 3109 1642; x_wconf 85' lang='lat' dir='ltr'><strong>forma</strong></span> 
     </span>
     <span class='ocr_line' id='line_1_14' title="bbox 778 1680 3107 1762; baseline 0 -17"><span class='ocrx_word' id='word_1_107' title='bbox 778 1681 1128 1746; x_wconf 87' lang='lat' dir='ltr'><strong>necessaria</strong></span> <span class='ocrx_word' id='word_1_108' title='bbox 1164 1684 1230 1745; x_wconf 92' lang='lat' dir='ltr'><strong>et</strong></span> <span class='ocrx_word' id='word_1_109' title='bbox 1271 1680 1500 1746; x_wconf 90' lang='lat' dir='ltr'><strong>habere</strong></span> <span class='ocrx_word' id='word_1_110' title='bbox 1560 1680 1886 1761; x_wconf 89' lang='lat' dir='ltr'><strong>presertim</strong></span> <span class='ocrx_word' id='word_1_111' title='bbox 1945 1684 2293 1762; x_wconf 88' lang='lat' dir='ltr'><strong>respectum</strong></span> <span class='ocrx_word' id='word_1_112' title='bbox 2352 1681 2517 1762; x_wconf 91' lang='lat' dir='ltr'><strong>quod</strong></span> <span class='ocrx_word' id='word_1_113' title='bbox 2561 1680 3000 1761; x_wconf 85' lang='lat' dir='ltr'><strong>promissiones</strong></span> <span class='ocrx_word' id='word_1_114' title='bbox 3042 1683 3107 1745; x_wconf 90' lang='lat' dir='ltr'><strong>et</strong></span> 
     </span>
     <span class='ocr_line' id='line_1_15' title="bbox 779 1781 3107 1866; baseline -0.001 -18"><span class='ocrx_word' id='word_1_115' title='bbox 779 1783 1186 1865; x_wconf 84' lang='lat' dir='ltr'><strong>obligationes</strong></span> <span class='ocrx_word' id='word_1_116' title='bbox 1229 1784 1426 1866; x_wconf 89' lang='lat' dir='ltr'><strong>partis</strong></span> <span class='ocrx_word' id='word_1_117' title='bbox 1470 1783 1726 1848; x_wconf 86' lang='lat' dir='ltr'><strong>adverse</strong></span> <span class='ocrx_word' id='word_1_118' title='bbox 1773 1781 1951 1848; x_wconf 91' lang='lat' dir='ltr'><strong>nobis</strong></span> <span class='ocrx_word' id='word_1_119' title='bbox 1993 1782 2149 1847; x_wconf 85' lang='lat' dir='ltr'><strong>fiant</strong></span> <span class='ocrx_word' id='word_1_120' title='bbox 2192 1784 2259 1848; x_wconf 90' lang='lat' dir='ltr'><strong>in</strong></span> <span class='ocrx_word' id='word_1_121' title='bbox 2300 1783 2398 1847; x_wconf 90' lang='lat' dir='ltr'><strong>his</strong></span> <span class='ocrx_word' id='word_1_122' title='bbox 2440 1801 2562 1864; x_wconf 90' lang='lat' dir='ltr'><strong>que</strong></span> <span class='ocrx_word' id='word_1_123' title='bbox 2598 1786 2866 1864; x_wconf 89' lang='lat' dir='ltr'><strong>tangunt</strong></span> <span class='ocrx_word' id='word_1_124' title='bbox 2908 1782 3107 1864; x_wconf 88' lang='lat' dir='ltr'><strong>Impe-</strong></span> 
     </span>
     <span class='ocr_line' id='line_1_16' title="bbox 777 1883 3108 1968; baseline -0 -18"><span class='ocrx_word' id='word_1_125' title='bbox 777 1887 938 1951; x_wconf 88' lang='lat' dir='ltr'><strong>rium</strong></span> <span class='ocrx_word' id='word_1_126' title='bbox 983 1886 1324 1968; x_wconf 90' lang='lat' dir='ltr'><strong>peripsum</strong></span> <span class='ocrx_word' id='word_1_127' title='bbox 1355 1884 1670 1951; x_wconf 87' lang='lat' dir='ltr'><strong>dominum</strong></span> <span class='ocrx_word' id='word_1_128' title='bbox 1709 1883 1957 1966; x_wconf 82' lang='lat' dir='ltr'><strong>Regem,</strong></span> <span class='ocrx_word' id='word_1_129' title='bbox 2004 1885 2259 1951; x_wconf 88' lang='lat' dir='ltr'><strong>heredes</strong></span> <span class='ocrx_word' id='word_1_130' title='bbox 2300 1889 2365 1950; x_wconf 91' lang='lat' dir='ltr'><strong>et</strong></span> <span class='ocrx_word' id='word_1_131' title='bbox 2406 1903 2788 1950; x_wconf 87' lang='lat' dir='ltr'><strong>successores</strong></span> <span class='ocrx_word' id='word_1_132' title='bbox 2831 1903 2995 1965; x_wconf 89' lang='lat' dir='ltr'><strong>suos,</strong></span> <span class='ocrx_word' id='word_1_133' title='bbox 3042 1890 3108 1949; x_wconf 90' lang='lat' dir='ltr'><strong>et</strong></span> 
     </span>
     <span class='ocr_line' id='line_1_17' title="bbox 777 1986 3109 2071; baseline -0.001 -17"><span class='ocrx_word' id='word_1_134' title='bbox 777 1989 843 2054; x_wconf 90' lang='lat' dir='ltr'><strong>in</strong></span> <span class='ocrx_word' id='word_1_135' title='bbox 888 1988 985 2053; x_wconf 89' lang='lat' dir='ltr'><strong>his</strong></span> <span class='ocrx_word' id='word_1_136' title='bbox 1032 2007 1153 2069; x_wconf 89' lang='lat' dir='ltr'><strong>que</strong></span> <span class='ocrx_word' id='word_1_137' title='bbox 1190 1992 1457 2071; x_wconf 90' lang='lat' dir='ltr'><strong>tangunt</strong></span> <span class='ocrx_word' id='word_1_138' title='bbox 1514 2006 1772 2068; x_wconf 85' lang='lat' dir='ltr'><strong>regnum</strong></span> <span class='ocrx_word' id='word_1_139' title='bbox 1814 1987 2137 2070; x_wconf 86' lang='lat' dir='ltr'><strong>Hungarie</strong></span> <span class='ocrx_word' id='word_1_140' title='bbox 2195 2007 2307 2069; x_wconf 89' lang='lat' dir='ltr'><strong>per</strong></span> <span class='ocrx_word' id='word_1_141' title='bbox 2358 1989 2561 2070; x_wconf 91' lang='lat' dir='ltr'><strong>ipsum</strong></span> <span class='ocrx_word' id='word_1_142' title='bbox 2597 1991 2671 2052; x_wconf 87' lang='lat' dir='ltr'><strong>ut</strong></span> <span class='ocrx_word' id='word_1_143' title='bbox 2710 1986 2941 2070; x_wconf 82' lang='lat' dir='ltr'><strong>Regem</strong></span> <span class='ocrx_word' id='word_1_144' title='bbox 2984 1987 3109 2052; x_wconf 89' lang='lat' dir='ltr'><strong>Ro-</strong></span> 
     </span>
     <span class='ocr_line' id='line_1_18' title="bbox 779 2089 3109 2172; baseline -0.001 -16"><span class='ocrx_word' id='word_1_145' title='bbox 779 2109 1104 2156; x_wconf 88' lang='lat' dir='ltr'><strong>manorum</strong></span> <span class='ocrx_word' id='word_1_146' title='bbox 1147 2096 1212 2156; x_wconf 91' lang='lat' dir='ltr'><strong>et</strong></span> <span class='ocrx_word' id='word_1_147' title='bbox 1251 2091 1587 2172; x_wconf 88' lang='lat' dir='ltr'><strong>Hungarie‚</strong></span> <span class='ocrx_word' id='word_1_148' title='bbox 1633 2098 1698 2154; x_wconf 92' lang='lat' dir='ltr'><strong>et</strong></span> <span class='ocrx_word' id='word_1_149' title='bbox 1739 2109 1849 2171; x_wconf 90' lang='lat' dir='ltr'><strong>per</strong></span> <span class='ocrx_word' id='word_1_150' title='bbox 1891 2108 1975 2170; x_wconf 89' lang='lat' dir='ltr'><strong>se,</strong></span> <span class='ocrx_word' id='word_1_151' title='bbox 2020 2089 2279 2155; x_wconf 91' lang='lat' dir='ltr'><strong>heredes</strong></span> <span class='ocrx_word' id='word_1_152' title='bbox 2318 2095 2382 2156; x_wconf 91' lang='lat' dir='ltr'><strong>et</strong></span> <span class='ocrx_word' id='word_1_153' title='bbox 2424 2108 2806 2157; x_wconf 89' lang='lat' dir='ltr'><strong>successores</strong></span> <span class='ocrx_word' id='word_1_154' title='bbox 2850 2108 2995 2156; x_wconf 89' lang='lat' dir='ltr'><strong>suos</strong></span> <span class='ocrx_word' id='word_1_155' title='bbox 3036 2109 3109 2155; x_wconf 88' lang='lat' dir='ltr'><strong>ac</strong></span> 
     </span>
     <span class='ocr_line' id='line_1_19' title="bbox 783 2191 3107 2275; baseline -0.001 -17"><span class='ocrx_word' id='word_1_156' title='bbox 783 2211 1072 2258; x_wconf 87' lang='lat' dir='ltr'><strong>coronam</strong></span> <span class='ocrx_word' id='word_1_157' title='bbox 1115 2197 1181 2258; x_wconf 90' lang='lat' dir='ltr'><strong>et</strong></span> <span class='ocrx_word' id='word_1_158' title='bbox 1221 2211 1476 2275; x_wconf 82' lang='lat' dir='ltr'><strong>regnum</strong></span> <span class='ocrx_word' id='word_1_159' title='bbox 1520 2192 1856 2275; x_wconf 85' lang='lat' dir='ltr'><strong>Hungarie,</strong></span> <span class='ocrx_word' id='word_1_160' title='bbox 1903 2198 1969 2258; x_wconf 89' lang='lat' dir='ltr'><strong>et</strong></span> <span class='ocrx_word' id='word_1_161' title='bbox 2009 2193 2173 2275; x_wconf 90' lang='lat' dir='ltr'><strong>quod</strong></span> <span class='ocrx_word' id='word_1_162' title='bbox 2217 2191 2501 2259; x_wconf 84' lang='lat' dir='ltr'><strong>habeatis</strong></span> <span class='ocrx_word' id='word_1_163' title='bbox 2542 2193 2959 2262; x_wconf 87' lang='lat' dir='ltr'><strong>instrumenta</strong></span> <span class='ocrx_word' id='word_1_164' title='bbox 3000 2211 3107 2256; x_wconf 92' lang='lat' dir='ltr'><strong>au-</strong></span> 
     </span>
     <span class='ocr_line' id='line_1_20' title="bbox 779 2294 3109 2378; baseline 0 -18"><span class='ocrx_word' id='word_1_165' title='bbox 779 2296 1015 2362; x_wconf 85' lang='lat' dir='ltr'><strong>tentica</strong></span> <span class='ocrx_word' id='word_1_166' title='bbox 1057 2294 1298 2361; x_wconf 84' lang='lat' dir='ltr'><strong>bullata</strong></span> <span class='ocrx_word' id='word_1_167' title='bbox 1356 2300 1421 2360; x_wconf 90' lang='lat' dir='ltr'><strong>et</strong></span> <span class='ocrx_word' id='word_1_168' title='bbox 1481 2295 1776 2361; x_wconf 88' lang='lat' dir='ltr'><strong>roborata</strong></span> <span class='ocrx_word' id='word_1_169' title='bbox 1819 2296 1980 2362; x_wconf 90' lang='lat' dir='ltr'><strong>sicut</strong></span> <span class='ocrx_word' id='word_1_170' title='bbox 2022 2294 2212 2361; x_wconf 88' lang='lat' dir='ltr'><strong>fuerit</strong></span> <span class='ocrx_word' id='word_1_171' title='bbox 2252 2299 2669 2378; x_wconf 87' lang='lat' dir='ltr'><strong>opportunum</strong></span> <span class='ocrx_word' id='word_1_172' title='bbox 2712 2295 3109 2360; x_wconf 84' lang='lat' dir='ltr'><strong>conducenda</strong></span> 
     </span>
     <span class='ocr_line' id='line_1_21' title="bbox 777 2398 2109 2482; baseline -0.002 -18"><span class='ocrx_word' id='word_1_173' title='bbox 777 2417 889 2482; x_wconf 90' lang='lat' dir='ltr'><strong>per</strong></span> <span class='ocrx_word' id='word_1_174' title='bbox 929 2417 1040 2464; x_wconf 90' lang='lat' dir='ltr'><strong>vos</strong></span> <span class='ocrx_word' id='word_1_175' title='bbox 1081 2398 1376 2464; x_wconf 89' lang='lat' dir='ltr'><strong>Venetias</strong></span> <span class='ocrx_word' id='word_1_176' title='bbox 1418 2398 1498 2463; x_wconf 86' lang='lat' dir='ltr'><strong>ad</strong></span> <span class='ocrx_word' id='word_1_177' title='bbox 1541 2399 1740 2464; x_wconf 90' lang='lat' dir='ltr'><strong>nostri</strong></span> <span class='ocrx_word' id='word_1_178' title='bbox 1784 2399 2109 2464; x_wconf 88' lang='lat' dir='ltr'><strong>cautelam.</strong></span> 
     </span>
    </p>

    <p class='ocr_par' dir='ltr' id='par_1_5' title="bbox 777 2499 3112 3390">
     <span class='ocr_line' id='line_1_22' title="bbox 985 2499 3112 2583; baseline -0.001 -17"><span class='ocrx_word' id='word_1_179' title='bbox 985 2501 1219 2566; x_wconf 91' lang='lat' dir='ltr'><strong>Verum</strong></span> <span class='ocrx_word' id='word_1_180' title='bbox 1262 2519 1385 2566; x_wconf 92' lang='lat' dir='ltr'><strong>non</strong></span> <span class='ocrx_word' id='word_1_181' title='bbox 1429 2501 1715 2567; x_wconf 86' lang='lat' dir='ltr'><strong>obstante</strong></span> <span class='ocrx_word' id='word_1_182' title='bbox 1757 2500 1923 2582; x_wconf 91' lang='lat' dir='ltr'><strong>quod</strong></span> <span class='ocrx_word' id='word_1_183' title='bbox 1960 2519 2372 2583; x_wconf 85' lang='lat' dir='ltr'><strong>preponamus</strong></span> <span class='ocrx_word' id='word_1_184' title='bbox 2412 2499 2586 2566; x_wconf 88' lang='lat' dir='ltr'><strong>vobis</strong></span> <span class='ocrx_word' id='word_1_185' title='bbox 2627 2499 3003 2566; x_wconf 86' lang='lat' dir='ltr'><strong>intentiones</strong></span> <span class='ocrx_word' id='word_1_186' title='bbox 3045 2503 3112 2565; x_wconf 91' lang='lat' dir='ltr'><strong>et</strong></span> 
     </span>
     <span class='ocr_line' id='line_1_23' title="bbox 779 2602 3109 2687; baseline -0.001 -16"><span class='ocrx_word' id='word_1_187' title='bbox 779 2606 1133 2672; x_wconf 83' lang='lat' dir='ltr'><strong>voluntates</strong></span> <span class='ocrx_word' id='word_1_188' title='bbox 1176 2609 1424 2671; x_wconf 88' lang='lat' dir='ltr'><strong>nostras</strong></span> <span class='ocrx_word' id='word_1_189' title='bbox 1465 2603 1581 2669; x_wconf 85' lang='lat' dir='ltr'><strong>sub</strong></span> <span class='ocrx_word' id='word_1_190' title='bbox 1629 2602 1933 2670; x_wconf 85' lang='lat' dir='ltr'><strong>brevitate</strong></span> <span class='ocrx_word' id='word_1_191' title='bbox 1976 2604 2272 2687; x_wconf 88' lang='lat' dir='ltr'><strong>predicta,</strong></span> <span class='ocrx_word' id='word_1_192' title='bbox 2329 2604 2607 2671; x_wconf 88' lang='lat' dir='ltr'><strong>debeatis</strong></span> <span class='ocrx_word' id='word_1_193' title='bbox 2650 2622 2761 2669; x_wconf 80' lang='lat' dir='ltr'><strong>vos</strong></span> <span class='ocrx_word' id='word_1_194' title='bbox 2808 2604 2917 2686; x_wconf 87' lang='lat' dir='ltr'><strong>qui</strong></span> <span class='ocrx_word' id='word_1_195' title='bbox 2958 2604 3109 2669; x_wconf 77' lang='lat' dir='ltr'><strong>estis</strong></span> 
     </span>
     <span class='ocr_line' id='line_1_24' title="bbox 777 2706 3108 2790; baseline -0.001 -17"><span class='ocrx_word' id='word_1_196' title='bbox 777 2709 1112 2790; x_wconf 89' lang='lat' dir='ltr'><strong>informati,</strong></span> <span class='ocrx_word' id='word_1_197' title='bbox 1175 2709 1397 2787; x_wconf 86' lang='lat' dir='ltr'><strong>dicere,</strong></span> <span class='ocrx_word' id='word_1_198' title='bbox 1455 2707 1697 2789; x_wconf 88' lang='lat' dir='ltr'><strong>aperire</strong></span> <span class='ocrx_word' id='word_1_199' title='bbox 1751 2711 1816 2772; x_wconf 89' lang='lat' dir='ltr'><strong>et</strong></span> <span class='ocrx_word' id='word_1_200' title='bbox 1873 2707 2145 2789; x_wconf 85' lang='lat' dir='ltr'><strong>allegare</strong></span> <span class='ocrx_word' id='word_1_201' title='bbox 2186 2708 2387 2772; x_wconf 89' lang='lat' dir='ltr'><strong>dictas</strong></span> <span class='ocrx_word' id='word_1_202' title='bbox 2431 2712 2678 2773; x_wconf 89' lang='lat' dir='ltr'><strong>nostras</strong></span> <span class='ocrx_word' id='word_1_203' title='bbox 2732 2706 3108 2771; x_wconf 87' lang='lat' dir='ltr'><strong>intentiones</strong></span> 
     </span>
     <span class='ocr_line' id='line_1_25' title="bbox 777 2808 3110 2894; baseline -0.002 -17"><span class='ocrx_word' id='word_1_204' title='bbox 777 2818 1053 2894; x_wconf 80' lang='lat' dir='ltr'><strong>tempore</strong></span> <span class='ocrx_word' id='word_1_205' title='bbox 1095 2816 1162 2877; x_wconf 89' lang='lat' dir='ltr'><strong>et</strong></span> <span class='ocrx_word' id='word_1_206' title='bbox 1201 2810 1336 2877; x_wconf 89' lang='lat' dir='ltr'><strong>loco</strong></span> <span class='ocrx_word' id='word_1_207' title='bbox 1364 2809 1608 2890; x_wconf 86' lang='lat' dir='ltr'><strong>debitis,</strong></span> <span class='ocrx_word' id='word_1_208' title='bbox 1655 2814 1721 2875; x_wconf 88' lang='lat' dir='ltr'><strong>et</strong></span> <span class='ocrx_word' id='word_1_209' title='bbox 1759 2828 1887 2875; x_wconf 90' lang='lat' dir='ltr'><strong>non</strong></span> <span class='ocrx_word' id='word_1_210' title='bbox 1926 2810 2201 2876; x_wconf 87' lang='lat' dir='ltr'><strong>exeundo</strong></span> <span class='ocrx_word' id='word_1_211' title='bbox 2246 2809 2326 2875; x_wconf 91' lang='lat' dir='ltr'><strong>ab</strong></span> <span class='ocrx_word' id='word_1_212' title='bbox 2368 2808 2593 2875; x_wconf 87' lang='lat' dir='ltr'><strong>effectu</strong></span> <span class='ocrx_word' id='word_1_213' title='bbox 2633 2813 2698 2874; x_wconf 87' lang='lat' dir='ltr'><strong>et</strong></span> <span class='ocrx_word' id='word_1_214' title='bbox 2727 2810 3110 2875; x_wconf 87' lang='lat' dir='ltr'><strong>continentia</strong></span> 
     </span>
     <span class='ocr_line' id='line_1_26' title="bbox 778 2911 3107 2997; baseline -0.001 -18"><span class='ocrx_word' id='word_1_215' title='bbox 778 2914 1338 2997; x_wconf 89' lang='lat' dir='ltr'><strong>suprascriptorum</strong></span> <span class='ocrx_word' id='word_1_216' title='bbox 1367 2914 1797 2995; x_wconf 90' lang='lat' dir='ltr'><strong>capitulorum,</strong></span> <span class='ocrx_word' id='word_1_217' title='bbox 1846 2912 2224 2979; x_wconf 88' lang='lat' dir='ltr'><strong>confidentes</strong></span> <span class='ocrx_word' id='word_1_218' title='bbox 2266 2914 2330 2978; x_wconf 91' lang='lat' dir='ltr'><strong>in</strong></span> <span class='ocrx_word' id='word_1_219' title='bbox 2374 2912 2598 2977; x_wconf 85' lang='lat' dir='ltr'><strong>vestris</strong></span> <span class='ocrx_word' id='word_1_220' title='bbox 2628 2911 2966 2994; x_wconf 89' lang='lat' dir='ltr'><strong>sapientiis,</strong></span> <span class='ocrx_word' id='word_1_221' title='bbox 3012 2931 3107 2977; x_wconf 92' lang='lat' dir='ltr'><strong>re-</strong></span> 
     </span>
     <span class='ocr_line' id='line_1_27' title="bbox 781 3014 3107 3100; baseline -0.001 -19"><span class='ocrx_word' id='word_1_222' title='bbox 781 3018 1116 3100; x_wconf 87' lang='lat' dir='ltr'><strong>linquimus</strong></span> <span class='ocrx_word' id='word_1_223' title='bbox 1159 3018 1494 3083; x_wconf 90' lang='lat' dir='ltr'><strong>secundum</strong></span> <span class='ocrx_word' id='word_1_224' title='bbox 1533 3016 1923 3082; x_wconf 86' lang='lat' dir='ltr'><strong>occurrentia</strong></span> <span class='ocrx_word' id='word_1_225' title='bbox 1950 3019 2320 3098; x_wconf 86' lang='lat' dir='ltr'><strong>postponere</strong></span> <span class='ocrx_word' id='word_1_226' title='bbox 2362 3019 2428 3080; x_wconf 91' lang='lat' dir='ltr'><strong>et</strong></span> <span class='ocrx_word' id='word_1_227' title='bbox 2464 3033 2804 3098; x_wconf 89' lang='lat' dir='ltr'><strong>preponere</strong></span> <span class='ocrx_word' id='word_1_228' title='bbox 2852 3014 3107 3097; x_wconf 88' lang='lat' dir='ltr'><strong>partita,</strong></span> 
     </span>
     <span class='ocr_line' id='line_1_28' title="bbox 779 3117 3111 3200; baseline -0.001 -17"><span class='ocrx_word' id='word_1_229' title='bbox 779 3120 1153 3185; x_wconf 90' lang='lat' dir='ltr'><strong>intentiones</strong></span> <span class='ocrx_word' id='word_1_230' title='bbox 1198 3124 1263 3185; x_wconf 89' lang='lat' dir='ltr'><strong>et</strong></span> <span class='ocrx_word' id='word_1_231' title='bbox 1302 3118 1518 3184; x_wconf 88' lang='lat' dir='ltr'><strong>modos</strong></span> <span class='ocrx_word' id='word_1_232' title='bbox 1561 3123 1626 3183; x_wconf 91' lang='lat' dir='ltr'><strong>et</strong></span> <span class='ocrx_word' id='word_1_233' title='bbox 1668 3118 1945 3200; x_wconf 89' lang='lat' dir='ltr'><strong>capitula</strong></span> <span class='ocrx_word' id='word_1_234' title='bbox 2003 3118 2287 3199; x_wconf 86' lang='lat' dir='ltr'><strong>predicta</strong></span> <span class='ocrx_word' id='word_1_235' title='bbox 2350 3119 2683 3184; x_wconf 89' lang='lat' dir='ltr'><strong>secundum</strong></span> <span class='ocrx_word' id='word_1_236' title='bbox 2732 3118 2897 3199; x_wconf 87' lang='lat' dir='ltr'><strong>quod</strong></span> <span class='ocrx_word' id='word_1_237' title='bbox 2943 3117 3111 3181; x_wconf 89' lang='lat' dir='ltr'><strong>vide-</strong></span> 
     </span>
     <span class='ocr_line' id='line_1_29' title="bbox 777 3220 3109 3305; baseline -0.002 -18"><span class='ocrx_word' id='word_1_238' title='bbox 777 3221 925 3287; x_wconf 90' lang='lat' dir='ltr'><strong>bitis</strong></span> <span class='ocrx_word' id='word_1_239' title='bbox 967 3240 1150 3305; x_wconf 87' lang='lat' dir='ltr'><strong>posse</strong></span> <span class='ocrx_word' id='word_1_240' title='bbox 1191 3222 1412 3287; x_wconf 90' lang='lat' dir='ltr'><strong>melius</strong></span> <span class='ocrx_word' id='word_1_241' title='bbox 1456 3221 1801 3287; x_wconf 85' lang='lat' dir='ltr'><strong>redundare</strong></span> <span class='ocrx_word' id='word_1_242' title='bbox 1840 3225 2055 3287; x_wconf 89' lang='lat' dir='ltr'><strong>nostro</strong></span> <span class='ocrx_word' id='word_1_243' title='bbox 2084 3220 2374 3305; x_wconf 88' lang='lat' dir='ltr'><strong>dominio,</strong></span> <span class='ocrx_word' id='word_1_244' title='bbox 2421 3239 2546 3286; x_wconf 91' lang='lat' dir='ltr'><strong>non</strong></span> <span class='ocrx_word' id='word_1_245' title='bbox 2590 3220 2966 3286; x_wconf 88' lang='lat' dir='ltr'><strong>transeundo</strong></span> <span class='ocrx_word' id='word_1_246' title='bbox 3014 3222 3109 3283; x_wconf 88' lang='lat' dir='ltr'><strong>ta-</strong></span> 
     </span>
     <span class='ocr_line' id='line_1_30' title="bbox 779 3322 2473 3390; baseline -0.001 -1"><span class='ocrx_word' id='word_1_247' title='bbox 779 3344 920 3390; x_wconf 90' lang='lat' dir='ltr'><strong>men</strong></span> <span class='ocrx_word' id='word_1_248' title='bbox 967 3322 1248 3390; x_wconf 85' lang='lat' dir='ltr'><strong>effectum</strong></span> <span class='ocrx_word' id='word_1_249' title='bbox 1294 3324 1602 3390; x_wconf 88' lang='lat' dir='ltr'><strong>dictarum</strong></span> <span class='ocrx_word' id='word_1_250' title='bbox 1642 3328 1999 3390; x_wconf 89' lang='lat' dir='ltr'><strong>nostrarum</strong></span> <span class='ocrx_word' id='word_1_251' title='bbox 2044 3323 2473 3389; x_wconf 88' lang='lat' dir='ltr'><strong>intentionum.</strong></span> 
     </span>
    </p>

    <p class='ocr_par' dir='ltr' id='par_1_6' title="bbox 777 3426 3110 4127">
     <span class='ocr_line' id='line_1_31' title="bbox 980 3426 3108 3509; baseline 0 -18"><span class='ocrx_word' id='word_1_252' title='bbox 980 3426 1067 3491; x_wconf 87' lang='lat' dir='ltr'><strong>Et</strong></span> <span class='ocrx_word' id='word_1_253' title='bbox 1103 3427 1158 3492; x_wconf 91' lang='lat' dir='ltr'><strong>si</strong></span> <span class='ocrx_word' id='word_1_254' title='bbox 1201 3427 1534 3492; x_wconf 90' lang='lat' dir='ltr'><strong>secundum</strong></span> <span class='ocrx_word' id='word_1_255' title='bbox 1596 3426 1872 3509; x_wconf 89' lang='lat' dir='ltr'><strong>aliquam</strong></span> <span class='ocrx_word' id='word_1_256' title='bbox 1932 3426 2241 3492; x_wconf 90' lang='lat' dir='ltr'><strong>dictarum</strong></span> <span class='ocrx_word' id='word_1_257' title='bbox 2298 3431 2655 3492; x_wconf 84' lang='lat' dir='ltr'><strong>nostrarum</strong></span> <span class='ocrx_word' id='word_1_258' title='bbox 2695 3426 3108 3492; x_wconf 87' lang='lat' dir='ltr'><strong>intentionum</strong></span> 
     </span>
     <span class='ocr_line' id='line_1_32' title="bbox 777 3528 3110 3612; baseline -0.002 -17"><span class='ocrx_word' id='word_1_259' title='bbox 777 3530 1062 3612; x_wconf 89' lang='lat' dir='ltr'><strong>poteritis</strong></span> <span class='ocrx_word' id='word_1_260' title='bbox 1104 3528 1399 3609; x_wconf 89' lang='lat' dir='ltr'><strong>obtinere,</strong></span> <span class='ocrx_word' id='word_1_261' title='bbox 1461 3529 1842 3595; x_wconf 88' lang='lat' dir='ltr'><strong>concludatis</strong></span> <span class='ocrx_word' id='word_1_262' title='bbox 1883 3529 1949 3593; x_wconf 91' lang='lat' dir='ltr'><strong>in</strong></span> <span class='ocrx_word' id='word_1_263' title='bbox 1991 3528 2156 3593; x_wconf 86' lang='lat' dir='ltr'><strong>bona</strong></span> <span class='ocrx_word' id='word_1_264' title='bbox 2189 3529 2424 3612; x_wconf 80' lang='lat' dir='ltr'><strong>gratia3</strong></span> <span class='ocrx_word' id='word_1_265' title='bbox 2493 3529 2641 3612; x_wconf 91' lang='lat' dir='ltr'><strong>quia</strong></span> <span class='ocrx_word' id='word_1_266' title='bbox 2698 3528 2941 3594; x_wconf 88' lang='lat' dir='ltr'><strong>habetis</strong></span> <span class='ocrx_word' id='word_1_267' title='bbox 2984 3528 3110 3592; x_wconf 91' lang='lat' dir='ltr'><strong>sin-</strong></span> 
     </span>
     <span class='ocr_line' id='line_1_33' title="bbox 780 3630 3107 3714; baseline -0.001 -17"><span class='ocrx_word' id='word_1_268' title='bbox 780 3632 1054 3699; x_wconf 88' lang='lat' dir='ltr'><strong>dicatum</strong></span> <span class='ocrx_word' id='word_1_269' title='bbox 1113 3632 1180 3697; x_wconf 92' lang='lat' dir='ltr'><strong>in</strong></span> <span class='ocrx_word' id='word_1_270' title='bbox 1237 3631 1421 3714; x_wconf 88' lang='lat' dir='ltr'><strong>plena</strong></span> <span class='ocrx_word' id='word_1_271' title='bbox 1478 3630 1678 3696; x_wconf 89' lang='lat' dir='ltr'><strong>forma</strong></span> <span class='ocrx_word' id='word_1_272' title='bbox 1741 3649 1925 3713; x_wconf 90' lang='lat' dir='ltr'><strong>quem</strong></span> <span class='ocrx_word' id='word_1_273' title='bbox 1988 3632 2313 3698; x_wconf 88' lang='lat' dir='ltr'><strong>ostendere</strong></span> <span class='ocrx_word' id='word_1_274' title='bbox 2376 3638 2441 3697; x_wconf 89' lang='lat' dir='ltr'><strong>et</strong></span> <span class='ocrx_word' id='word_1_275' title='bbox 2503 3631 2747 3713; x_wconf 88' lang='lat' dir='ltr'><strong>operari</strong></span> <span class='ocrx_word' id='word_1_276' title='bbox 2820 3630 3107 3713; x_wconf 87' lang='lat' dir='ltr'><strong>poteritis</strong></span> 
     </span>
     <span class='ocr_line' id='line_1_34' title="bbox 782 3733 3109 3817; baseline -0.001 -17"><span class='ocrx_word' id='word_1_277' title='bbox 782 3736 1030 3817; x_wconf 88' lang='lat' dir='ltr'><strong>quando</strong></span> <span class='ocrx_word' id='word_1_278' title='bbox 1074 3734 1198 3800; x_wconf 88' lang='lat' dir='ltr'><strong>erit</strong></span> <span class='ocrx_word' id='word_1_279' title='bbox 1239 3738 1672 3817; x_wconf 90' lang='lat' dir='ltr'><strong>opportunum.</strong></span> <span class='ocrx_word' id='word_1_280' title='bbox 1747 3733 2004 3812; x_wconf 85' lang='lat' dir='ltr'><strong>Quando</strong></span> <span class='ocrx_word' id='word_1_281' title='bbox 2033 3753 2177 3800; x_wconf 90' lang='lat' dir='ltr'><strong>vero</strong></span> <span class='ocrx_word' id='word_1_282' title='bbox 2221 3753 2346 3801; x_wconf 92' lang='lat' dir='ltr'><strong>non</strong></span> <span class='ocrx_word' id='word_1_283' title='bbox 2389 3735 2653 3817; x_wconf 88' lang='lat' dir='ltr'><strong>possetis</strong></span> <span class='ocrx_word' id='word_1_284' title='bbox 2690 3734 2971 3800; x_wconf 86' lang='lat' dir='ltr'><strong>obtinere</strong></span> <span class='ocrx_word' id='word_1_285' title='bbox 2998 3751 3109 3815; x_wconf 90' lang='lat' dir='ltr'><strong>per</strong></span> 
     </span>
     <span class='ocr_line' id='line_1_35' title="bbox 779 3834 3107 3919; baseline -0.001 -18"><span class='ocrx_word' id='word_1_286' title='bbox 779 3838 1050 3919; x_wconf 89' lang='lat' dir='ltr'><strong>aliquem</strong></span> <span class='ocrx_word' id='word_1_287' title='bbox 1079 3838 1400 3904; x_wconf 89' lang='lat' dir='ltr'><strong>modorum</strong></span> <span class='ocrx_word' id='word_1_288' title='bbox 1433 3836 2012 3919; x_wconf 84' lang='lat' dir='ltr'><strong>suprascriptorum,</strong></span> <span class='ocrx_word' id='word_1_289' title='bbox 2058 3837 2338 3904; x_wconf 89' lang='lat' dir='ltr'><strong>debeatis</strong></span> <span class='ocrx_word' id='word_1_290' title='bbox 2378 3838 2471 3903; x_wconf 90' lang='lat' dir='ltr'><strong>ire</strong></span> <span class='ocrx_word' id='word_1_291' title='bbox 2512 3844 2577 3903; x_wconf 92' lang='lat' dir='ltr'><strong>et</strong></span> <span class='ocrx_word' id='word_1_292' title='bbox 2619 3841 2789 3903; x_wconf 89' lang='lat' dir='ltr'><strong>stare</strong></span> <span class='ocrx_word' id='word_1_293' title='bbox 2828 3834 2937 3901; x_wconf 90' lang='lat' dir='ltr'><strong>ubi</strong></span> <span class='ocrx_word' id='word_1_294' title='bbox 2974 3834 3107 3917; x_wconf 90' lang='lat' dir='ltr'><strong>pla-</strong></span> 
     </span>
     <span class='ocr_line' id='line_1_36' title="bbox 782 3938 3109 4023; baseline -0.001 -19"><span class='ocrx_word' id='word_1_295' title='bbox 782 3940 979 4007; x_wconf 85' lang='lat' dir='ltr'><strong>cuerit</strong></span> <span class='ocrx_word' id='word_1_296' title='bbox 1036 3940 1284 4006; x_wconf 90' lang='lat' dir='ltr'><strong>domino</strong></span> <span class='ocrx_word' id='word_1_297' title='bbox 1345 3939 1501 4023; x_wconf 83' lang='lat' dir='ltr'><strong>Regi</strong></span> <span class='ocrx_word' id='word_1_298' title='bbox 1560 3940 1813 4006; x_wconf 89' lang='lat' dir='ltr'><strong>Polonie</strong></span> <span class='ocrx_word' id='word_1_299' title='bbox 1872 3944 1938 4005; x_wconf 91' lang='lat' dir='ltr'><strong>et</strong></span> <span class='ocrx_word' id='word_1_300' title='bbox 1989 3940 2169 4005; x_wconf 89' lang='lat' dir='ltr'><strong>nobis</strong></span> <span class='ocrx_word' id='word_1_301' title='bbox 2230 3940 2496 4008; x_wconf 87' lang='lat' dir='ltr'><strong>scribere</strong></span> <span class='ocrx_word' id='word_1_302' title='bbox 2540 3959 2614 4006; x_wconf 85' lang='lat' dir='ltr'><strong>ac</strong></span> <span class='ocrx_word' id='word_1_303' title='bbox 2656 3940 2990 4005; x_wconf 84' lang='lat' dir='ltr'><strong>informare</strong></span> <span class='ocrx_word' id='word_1_304' title='bbox 3029 3938 3109 4002; x_wconf 91' lang='lat' dir='ltr'><strong>de</strong></span> 
     </span>
     <span class='ocr_line' id='line_1_37' title="bbox 779 4041 3105 4127; baseline 0 -20"><span class='ocrx_word' id='word_1_305' title='bbox 779 4042 1062 4109; x_wconf 89' lang='lat' dir='ltr'><strong>omnibus</strong></span> <span class='ocrx_word' id='word_1_306' title='bbox 1103 4044 1330 4109; x_wconf 88' lang='lat' dir='ltr'><strong>secutis</strong></span> <span class='ocrx_word' id='word_1_307' title='bbox 1371 4048 1436 4109; x_wconf 89' lang='lat' dir='ltr'><strong>et</strong></span> <span class='ocrx_word' id='word_1_308' title='bbox 1463 4043 1638 4108; x_wconf 88' lang='lat' dir='ltr'><strong>novis</strong></span> <span class='ocrx_word' id='word_1_309' title='bbox 1666 4042 1907 4123; x_wconf 90' lang='lat' dir='ltr'><strong>deinde,</strong></span> <span class='ocrx_word' id='word_1_310' title='bbox 1952 4047 2017 4108; x_wconf 91' lang='lat' dir='ltr'><strong>et</strong></span> <span class='ocrx_word' id='word_1_311' title='bbox 2058 4048 2383 4127; x_wconf 87' lang='lat' dir='ltr'><strong>expectare</strong></span> <span class='ocrx_word' id='word_1_312' title='bbox 2415 4048 2695 4109; x_wconf 89' lang='lat' dir='ltr'><strong>nostrum</strong></span> <span class='ocrx_word' id='word_1_313' title='bbox 2726 4041 3105 4107; x_wconf 86' lang='lat' dir='ltr'><strong>mandatum.</strong></span> 
     </span>
    </p>

    <p class='ocr_par' dir='ltr' id='par_1_7' title="bbox 1126 4147 1840 4230">
     <span class='ocr_line' id='line_1_38' title="bbox 1126 4147 1840 4230; baseline -0.001 -18"><span class='ocrx_word' id='word_1_314' title='bbox 1126 4147 1220 4212; x_wconf 91' lang='lat' dir='ltr'><strong>De</strong></span> <span class='ocrx_word' id='word_1_315' title='bbox 1263 4150 1440 4230; x_wconf 86' lang='lat' dir='ltr'><strong>parte</strong></span> <span class='ocrx_word' id='word_1_316' title='bbox 1487 4150 1564 4211; x_wconf 79' lang='lat'><strong>21</strong></span> <span class='ocrx_word' id='word_1_317' title='bbox 1611 4182 1696 4194; x_wconf 89' lang='lat'>—</span> <span class='ocrx_word' id='word_1_318' title='bbox 1740 4150 1840 4211; x_wconf 88' lang='grc'><strong>39.</strong></span> 
     </span>
    </p>
   </div>
  </div>
 </body>
</html>
