3793 5187
1904 419 1944 482 2

761 619 1016 699 Quirino
1057 639 1256 704 nuper
1297 623 1655 688 redeuntem
1697 623 1775 686 de
1813 622 2096 704 partibus
2140 621 2410 702 Polanie,
2454 619 2575 687 fuit
2615 621 2966 698 informata,
3014 618 3097 685 de

757 723 928 789 bona
975 728 1040 790 et
1081 725 1314 807 optima
1350 726 1754 808 dispositione
1781 725 2171 791 Serenissimi
2206 725 2440 791 domini
2475 726 2664 808 Regis
2691 725 2967 806 Polanie,
3011 728 3094 792 ad

760 826 1081 893 commoda
1109 832 1173 892 et
1200 829 1464 894 honores
1505 833 1770 908 nostros
1803 828 1965 894 sicut
2007 827 2169 892 idem
2211 846 2312 894 ser
2340 826 2687 894 Zanachius
2715 829 2951 894 retulit.
3008 829 3095 894 Et

759 931 922 1012 quod
966 935 1293 1014 propterea
1329 931 1552 998 debeat
1581 949 1936 1014 comparere
1979 932 2058 997 ad
2102 931 2477 1014 presentiam
2519 931 2671 996 dicti
2710 931 2944 997 domini
2972 931 3092 996 Re-

756 1032 872 1114 giS,
918 1039 983 1098 et
1023 1053 1132 1099 sue
1162 1032 1498 1100 Serenitati
1539 1035 1760 1115 dicere,
1801 1033 1968 1116 quod
2008 1033 2414 1099 salutationes
2445 1037 2510 1098 et
2544 1032 2887 1098 oblationes
2914 1031 3094 1098 nobis

758 1139 1044 1217 portatas
1107 1154 1184 1201 ex
1238 1142 1417 1219 parte
1475 1143 1607 1202 sue·
1644 1136 2012 1202 Serenitatis
2070 1155 2182 1218 per
2238 1136 2472 1202 dictum
2535 1155 2637 1201 ser
2692 1135 3091 1216 Zanachium,

759 1238 1217 1320 acceptavimus
1277 1245 1342 1305 et
1399 1244 1792 1323 acceptamus
1850 1238 2011 1305 bono
2055 1246 2121 1305 et
2161 1238 2437 1306 fraterno
2479 1240 2709 1320 animo,
2772 1243 3092 1322 tamquam

761 1357 802 1403 a
845 1337 1008 1405 bono
1060 1340 1256 1407 fratre
1309 1346 1373 1408 et
1407 1343 1616 1408 amico
1660 1343 1858 1407 nostri
1903 1341 2177 1407 dominii.
2259 1341 2346 1407 Et
2386 1342 2584 1407 eidem
2635 1346 2814 1424 parte
2856 1347 3089 1422 nostra,

761 1442 994 1507 similes
1039 1442 1448 1510 salutationes
1506 1448 1572 1510 et
1625 1444 1985 1524 oblationes,
2042 1444 2209 1510 dicto
2252 1444 2501 1510 domino
2543 1443 2699 1526 Regi
2741 1442 2943 1510 facere
2988 1446 3093 1510 de-

760 1543 907 1610 beat
969 1544 1280 1612 offerendo
1349 1552 1628 1614 nostram
1680 1546 2183 1628 dominationem,
2239 1545 2649 1612 amicabiliter
2705 1552 2771 1612 et
2820 1545 3094 1612 fraterne

762 1666 898 1714 esse
940 1649 1322 1731 dispositam,
1387 1653 1468 1717 ad
1528 1651 1736 1717 omnia
1783 1651 2215 1716 concernentia
2262 1648 2555 1714 honorem
2600 1654 2664 1714 et
2708 1652 2943 1714 statum
2984 1667 3094 1714 sue

765 1749 1155 1834 SerenitatiS,
1199 1757 1520 1834 tamquam
1572 1773 1684 1836 pro
1729 1753 1923 1818 fratre
1975 1757 2040 1818 et
2091 1753 2289 1818 amico
2332 1757 2547 1818 nostro
2591 1751 2925 1817 carissimo.
3012 1751 3099 1816 Et

767 1872 906 1919 cum
959 1852 1056 1920 his
1116 1859 1182 1920 et
1239 1855 1379 1920 aliis
1427 1855 1604 1922 bonis
1661 1854 1880 1936 verbis,
1950 1873 2071 1938 que
2119 1873 2229 1920 sue
2286 1853 2643 1920 discretioni
2703 1853 3095 1934 videbuntur,

767 1957 1060 2022 ostendat
1103 1962 1169 2023 et
1211 1957 1484 2025 declaret
1532 1959 1698 2026 dicto
1752 1959 2000 2025 domino
2045 1958 2216 2040 Regi,
2261 1959 2445 2024 istam
2484 1963 2763 2022 nostram
2808 1956 3100 2022 intentio-

762 2077 919 2125 nem.
998 2059 1086 2125 Et
1126 2060 1407 2142 ulterius,
1469 2080 1581 2126 nec
1623 2062 1704 2127 ad
1763 2061 1892 2126 alia
1934 2059 2123 2126 verba
2171 2061 2485 2142 procedat,
2532 2060 2600 2125 in
2643 2078 2792 2126 casu
2834 2077 2957 2142 quo
3003 2077 3097 2126 se-

771 2167 962 2228 cuuta
1006 2161 1090 2227 sit
1133 2181 1254 2244 pax
1297 2163 1463 2228 inter
1493 2164 1724 2230 dictum
1757 2163 2073 2229 dominum
2104 2162 2333 2245 Regem
2361 2162 2631 2244 Polanie,
2678 2167 2743 2228 et
2781 2163 3098 2228 dominum

763 2263 994 2346 Regem
1041 2264 1380 2347 Hungarie.
1469 2266 1538 2332 Si
1580 2285 1725 2332 vero
1781 2271 2039 2332 secuuta
2079 2284 2202 2331 non
2246 2270 2411 2331 esset
2470 2285 2609 2348 pax,
2687 2266 2851 2330 inter
2897 2264 3099 2346 Reges

761 2367 1090 2448 predictos
1137 2366 1361 2434 debeat
1402 2369 1606 2434 dictus
1649 2388 1751 2434 ser
1791 2369 2017 2434 Petrus
2062 2368 2450 2450 subiungere,
2494 2367 2659 2450 quod
2702 2386 2813 2449 per
2860 2367 3095 2432 dictum

767 2485 870 2533 ser
941 2469 1322 2536 Zanachium
1398 2472 1626 2538 fuimus
1695 2472 2013 2538 informati
2083 2473 2163 2537 de
2228 2471 2547 2536 voluntate
2617 2473 2682 2535 et
2751 2469 3097 2534 intentione

762 2569 913 2636 dicti
970 2572 1202 2639 domini
1247 2573 1433 2657 Regis
1477 2573 1733 2641 Polanie
1788 2575 1866 2641 de
1916 2574 2175 2640 volendo
2237 2592 2371 2639 esse
2425 2571 2763 2653 nobiscum,
2830 2571 2928 2638 vel
2985 2591 3098 2655 per

762 2674 927 2739 viam
970 2675 1092 2758 lige
1150 2676 1248 2742 vel
1307 2696 1420 2759 per
1465 2678 1654 2743 aliam
1697 2678 1880 2758 viam,
1944 2682 2162 2743 contra
2202 2676 2438 2743 dictum
2480 2676 2711 2759 Regem
2754 2674 3093 2759 Hungarie.

762 2775 849 2841 Et
891 2778 1039 2859 quia
1080 2778 1286 2845 dictus
1325 2781 1609 2846 dominus
1634 2780 1787 2862 Rex,
1832 2798 1960 2845 non
2002 2778 2341 2845 declaravit
2383 2776 2645 2843 ulterius
2682 2796 2859 2843 suam
2893 2778 3095 2843 inten-

760 2879 1011 2961 tionem,
1043 2885 1262 2947 nostra
1289 2882 1648 2964 dominatio,
1681 2883 1746 2962 in
1776 2900 1926 2948 casu
1955 2900 2078 2965 quo
2109 2880 2233 2947 Sue
2262 2879 2597 2945 Serenitati
2626 2880 2888 2961 placeat,
2930 2882 3095 2945 esset

761 2987 1055 3049 contenta
1097 2985 1254 3051 scire
1297 2986 1548 3052 modum
1594 2990 1659 3051 et
1700 2984 1963 3051 formam
2021 2983 2144 3066 lige
2186 3001 2372 3065 quam
2415 2981 2603 3048 vellet
2640 2980 2843 3048 facere
2885 2981 3094 3048 nobis-

765 3104 924 3167 cum,
970 3085 1069 3152 vel
1111 3107 1233 3171 que
1275 3088 1398 3154 alie
1443 3089 1540 3155 vie
1570 3087 1907 3154 Serenitati
1950 3106 2061 3152 sue
2087 3086 2446 3152 viderentur
2474 3085 2661 3151 utiles
2688 3090 2754 3150 et
2780 3083 3095 3151 fructuose

759 3188 840 3254 ad
871 3188 1056 3254 istam
1087 3190 1510 3270 intentionem,
1560 3194 1624 3255 et
1667 3190 1748 3255 ad
1789 3188 2307 3255 damnificandum
2338 3188 2573 3255 dictum
2616 3188 2929 3253 dominum
2972 3187 3094 3253 Re-

758 3310 915 3372 gem.
989 3292 1072 3359 Et
1105 3294 1396 3377 quicquid
1440 3295 1645 3360 dictus
1675 3312 1776 3359 ser
1803 3292 2029 3359 Petrus
2075 3292 2305 3357 sentiet
2347 3310 2387 3356 a
2427 3290 2594 3357 dicto
2625 3289 2873 3355 domino
2903 3289 3090 3372 Rege,

759 3393 984 3459 debeat
1021 3401 1231 3478 presto
1276 3416 1387 3479 per
1427 3396 1652 3462 bonam
1696 3400 1761 3461 et
1803 3392 2208 3461 sufficientem
2252 3392 2417 3458 viam
2444 3395 2658 3458 nostro
2687 3390 2956 3457 dominio
2986 3392 3092 3457 de-

760 3500 997 3577 notare,
1043 3517 1163 3579 que
1191 3498 1397 3580 verba,
1436 3499 1599 3565 sicut
1635 3499 1920 3580 superius
1965 3496 2275 3578 tangimus
2316 3494 2487 3561 nullo
2531 3494 2711 3560 modo
2754 3493 2959 3559 dicere
2987 3494 3094 3559 de-

760 3597 922 3680 beat,
969 3599 1033 3664 in
1078 3618 1226 3667 casu
1269 3620 1390 3683 quo
1435 3620 1556 3683 pax
1600 3604 1857 3674 secuuta
1906 3600 2008 3682 sit,
2054 3599 2221 3664 inter
2263 3616 2437 3681 reges
2480 3597 2805 3682 predictos.

1063 3720 1160 3787 De
1201 3726 1382 3805 parte
1503 3726 1603 3787 81.

1063 3823 1206 3888 Non
1547 3826 1608 3889 4.

1064 3924 1206 3991 Non
1250 3924 1474 3991 sinceri
1551 3930 1604 3991 1.

1272 4062 1514 4116 Archivio
1551 4061 1609 4115 de·
1641 4060 1794 4115 Stato
1829 4063 1882 4113 iu
1932 4056 2168 4115 Vena-zia.

827 4144 1292 4216 (Deliberazioni
1329 4146 1550 4204 Senato
1589 4146 1844 4215 Secreto,
1882 4146 2031 4215 Reg.
2068 4146 2117 4212 4,
2158 4148 2322 4199 carte
2363 4142 2461 4197 166
2494 4143 2587 4212 t⁰.)
