3793 5187
1993 381 2082 454 ‘74

876 587 1143 657 haberet
1187 589 1498 673 praticam
1538 607 1679 656 cum
1720 588 1845 656 illis
1894 588 1977 654 de
2019 588 2334 668 Salonico‚
2407 589 2580 670 quod
2629 585 2928 655 videlicet
2969 586 3205 655 vellent

877 691 995 757 sub
1040 695 1262 758 nostra
1318 691 1535 756 venire
1594 689 1978 769 obedientia,
2040 689 2252 756 dicere
2310 688 2546 755 debeas
2603 689 2696 754 illi
2739 689 3052 772 Regimini
3092 688 3206 754 Ni-

877 793 1224 875 gropontis,
1272 797 1338 858 et
1378 797 1449 858 tu
1493 795 1685 858 etiam
1727 791 1974 857 hortari
2023 792 2260 857 debeas
2315 809 2424 857 eos
2465 790 2906 858 Salonicenses
2943 797 3016 857 ut
3053 792 3205 858 boni

876 895 1005 962 sint
1048 895 1255 974 animi,
1301 895 1596 976 quoniam
1642 892 2150 960 contentabimur
2207 892 2352 958 illos
2411 898 2765 975 acceptare,
2827 900 2895 960 et
2935 893 3098 958 bene
3141 897 3210 958 et

877 995 1325 1062 humanissime
1371 1012 1481 1060 eos
1527 999 1829 1074 tractare,
1888 998 1964 1058 ut
2019 993 2178 1058 alias
2224 991 2482 1060 fecimus
2525 997 2592 1058 et
2633 994 2858 1060 melius
2903 994 2960 1059 si
3000 994 3206 1076 possi-

877 1097 1008 1162 bile
1049 1096 1193 1176 erit,
1238 1096 1533 1179 quoniam
1578 1113 1689 1161 eos
1719 1095 2056 1178 plurimum
2089 1094 2404 1178 diligimus
2435 1099 2730 1176 stentque
2757 1097 2870 1175 sic,
2914 1096 3210 1179 quoniam

879 1199 963 1263 de
1006 1197 1183 1263 brevi
1227 1197 1724 1279 acceptabuntur
1752 1202 1819 1263 et
1847 1214 2082 1262 excusa
2116 1201 2200 1276 te,
2247 1197 2415 1279 quod
2450 1195 2529 1261 de
2558 1197 2840 1278 presenti
2870 1214 2998 1261 non
3023 1201 3209 1278 potes

880 1299 1139 1364 mittere
1183 1299 1327 1364 illos
1372 1302 1722 1380 acceptum,
1790 1316 1930 1364 cum
1993 1315 2252 1364 necesse
2305 1301 2424 1377 est,
2485 1301 2560 1362 ut
2618 1301 2838 1379 presto
2883 1296 3080 1364 vadas
3129 1298 3212 1363 ad

880 1400 1192 1480 strictum,
1238 1411 1304 1466 et
1347 1404 1577 1482 potens
1622 1415 1763 1464 cum
1806 1399 2096 1465 omnibus
2140 1398 2340 1481 galeis
2383 1417 2541 1481 quas
2579 1398 2796 1464 habes.

1085 1501 1243 1567 Cum
1284 1508 1498 1566 autem
1560 1500 1685 1566 eris
1744 1519 1942 1582 penes
1989 1500 2327 1582 Galipolim
2372 1499 2428 1564 si
2464 1499 2631 1566 forte
2669 1499 2762 1565 illi
2803 1500 2912 1582 qui
2957 1504 3108 1564 sunt
3149 1498 3214 1564 in

884 1621 959 1669 eo
1003 1603 1167 1682 loco,
1241 1608 1469 1684 sponte
1512 1602 1685 1666 illum
1730 1601 1847 1667 tibi
1886 1601 2042 1667 dare
2085 1602 2337 1682 vellent,
2399 1620 2544 1667 eum
2595 1607 2936 1684 acceptare
2979 1601 3213 1667 debeas

884 1724 961 1771 ac
1006 1709 1245 1785 tenere,
1308 1709 1375 1770 et
1430 1703 1749 1770 custodire
1790 1706 2042 1770 nomine
2085 1703 2488 1769 Serenissimi
2525 1703 2758 1769 domini
2802 1704 2998 1786 Regis
3035 1703 3212 1768 Hun-

883 1807 1062 1888 garie
1122 1811 1188 1872 et
1245 1805 1511 1871 Polonie
1568 1823 1772 1886 usque
1830 1824 1954 1888 quo
2011 1805 2275 1871 Baiulus
2345 1808 2566 1872 noster
2635 1804 3214 1886 Constantinopolis

882 1908 1079 1972 fuerit
1122 1908 1203 1972 ad
1248 1907 1382 1974 eius
1426 1908 1833 1989 presentiam.

1085 2009 1560 2091 Quamprimum
1624 2015 1838 2075 autem
1905 2011 2288 2092 applicueris
2351 2011 2414 2075 in
2473 2011 2906 2093 suprascripto
2966 2010 3210 2090 strictu,

883 2110 1066 2176 mitte
1108 2109 1335 2174 Baiulo
1371 2117 1591 2176 nostro
1636 2109 2219 2192 Constantinopolis
2261 2130 2378 2193 per
2421 2129 2611 2176 unam
2653 2111 2920 2193 galeam,
2971 2112 3212 2190 literas,

885 2229 1043 2294 quas
1088 2229 1227 2277 cum
1271 2212 1708 2277 commissione
1746 2212 1865 2277 sibi
1909 2211 2084 2278 facta
2123 2213 2458 2292 mittimus;
2505 2213 2670 2278 Nam
2711 2217 2786 2278 ut
2826 2212 3071 2280 videbis
3099 2231 3217 2295 per

885 2313 1085 2395 ipsius
1130 2313 1376 2394 copiam
1411 2331 1602 2394 quam
1643 2331 1761 2395 pro
1810 2313 2252 2379 informatione
2295 2317 2410 2379 tua
2451 2313 2572 2379 tibi
2617 2314 2756 2380 dari
2797 2313 3077 2394 fecimuS,
3123 2315 3214 2379 eis

888 2414 1278 2493 mandamus,
1344 2418 1419 2478 ut
1478 2414 1673 2480 vadat
1733 2415 1816 2479 ad
1870 2414 2258 2495 presentiam
2302 2414 2707 2481 Serenissimi
2751 2416 2990 2481 domini
3024 2415 3218 2496 Regis

891 2514 1160 2580 Polonie
1201 2520 1269 2580 et
1297 2514 1640 2598 Hungarie,
1686 2533 1761 2582 ac
1787 2515 2318 2582 Reverendissimi
2350 2516 2586 2582 domini
2617 2517 2974 2583 Cardinalis
2999 2514 3214 2582 Sancti

890 2616 1137 2699 Angeli,
1185 2617 1292 2698 qui
1336 2634 1475 2683 cum
1516 2618 1651 2683 eius
1694 2606 2036 2709 Maiestate
2076 2618 2142 2683 in
2187 2619 2471 2685 exercitu
2515 2625 2634 2685 est.

1087 2718 1326 2784 Verum
1368 2718 1423 2784 si
1468 2718 1673 2785 dictus
1716 2718 1994 2812 Baiulus·
2020 2737 2138 2801 per
2167 2720 2334 2785 viam
2364 2718 2944 2803 Constantinopolis
2974 2718 3070 2785 ire
3097 2736 3220 2785 non

888 2824 1127 2902 posset,
1174 2820 1491 2903 velletque
1532 2838 1649 2901 per
1686 2819 1877 2885 aliam
1908 2820 2075 2887 viam
2119 2820 2183 2885 in
2225 2820 2334 2886 illo
2365 2824 2591 2887 strictu
2619 2822 2721 2887 vel
2753 2821 3044 2903 partibus
3071 2840 3219 2904 pro-

889 2922 1141 3003 pinquis
1186 2921 1490 2988 accedere
1534 2921 1617 2987 ad
1656 2940 1906 2990 omnem
1950 2922 2084 2987 eius
2126 2922 2620 3005 requisitionem,
2667 2942 2811 2989 eum
2855 2923 3092 2990 debeas
3128 2922 3221 2988 fa·

892 3041 1035 3089 cere
1073 3023 1338 3091 conduci
1376 3023 1462 3089 ad
1504 3022 1681 3088 illum
1725 3022 1939 3089 locum
1981 3042 2097 3105 per
2146 3040 2334 3104 quem
2375 3024 2471 3089 ire
2520 3024 2917 3091 deliberabit.

1194 3124 1295 3189 De
1338 3128 1524 3206 parte
1568 3126 1884 3189 29—31.

1330 3276 1449 3343 Ser
1490 3276 1833 3343 Federicus
1880 3276 2240 3342 Contareno
2289 3276 2555 3360 Sapiens
2603 3276 2863 3345 consilii.

1089 3374 1245 3445 Vult
1285 3384 1535 3461 partem
1576 3398 1680 3444 ser
1716 3379 1902 3444 Pauli
1933 3378 2142 3444 Truno
2181 3380 2614 3461 procuratoris
2645 3380 2950 3461 sapientis
2983 3380 3227 3445 consilii

900 3484 967 3545 et
1008 3480 1325 3546 sociorum
1360 3498 1476 3561 per
1523 3484 1742 3545 totum.
1832 3480 2122 3561 Excepto
2181 3481 2352 3564 quod
2408 3480 2790 3562 Capitaneus
2845 3501 2985 3547 cum
3026 3481 3225 3563 galeis

897 3600 969 3647 se
1013 3580 1253 3646 nutriat
1298 3600 1338 3646 a
1374 3580 1700 3661 Mothon0,
1761 3600 1962 3664 usque
2028 3587 2218 3663 caput
2277 3582 2576 3662 mallium,
2633 3583 2698 3647 in
2749 3583 2874 3648 illis
2921 3582 3120 3664 aquiS,
3160 3587 3229 3647 et

900 3686 1197 3762 expectet
1253 3682 1619 3748 mandatum
1678 3683 2064 3749 attendendo
2115 3702 2190 3748 eo
2239 3685 2492 3750 interim
2535 3684 2618 3750 ad
2663 3685 3071 3750 securitatem
3112 3702 3228 3748 na-

899 3782 1207 3863 vigiorum
1248 3790 1627 3848 nostrorum.

1200 3884 1297 3950 De
1338 3890 1524 3966 parte
1569 3886 1887 3952 53—78.
1974 3884 2075 3951 De
2119 3905 2244 3951 non
2288 3890 2348 3953 3.
2435 3886 2578 3953 Non
2622 3888 2851 3954 sinceri
2895 3888 3124 3953 3—8.

1204 4000 1467 4071 (Ambivio
1500 4002 1559 4056 di
1590 4001 1743 4057 Stato
1776 4004 1831 4057 ἐπ
1876 4002 2118 4068 Venetia,

903 4080 1343 4143 Deliberazioni
1378 4087 1597 4141 Senato
1640 4085 1883 4153 Secreti,
1920 4099 2076 4157 rego·
2116 4089 2184 4141 16
2207 4105 2255 4144 c.
2291 4090 2399 4159 62).
