3793 5187
1937 521 2021 588 90

1849 811 2105 888 XLII.

1495 949 1928 1019 mccccxum.
1972 951 2069 1020 die
2108 951 2192 1018 Vl.
2230 951 2459 1036 Aprliis.

1021 1119 1178 1186 Cum
1220 1118 1466 1184 venerit
1523 1119 1602 1184 ad
1663 1121 2051 1203 presentiam
2106 1121 2307 1187 nostri
2368 1121 2627 1186 dominii
2668 1117 3139 1188 Reverendissi-

815 1241 954 1289 mus
1001 1223 1288 1288 dominus
1336 1222 1691 1289 Cardinalis
1735 1222 2287 1290 vicecancellarius
2332 1224 2583 1306 legatus
2626 1223 3029 1305 apostolicus,
3076 1227 3141 1288 et

813 1326 1089 1393 maxima
1129 1326 1436 1391 instantia
1477 1325 1899 1408 requisiverit,
1946 1325 2364 1392 consideratis
2408 1325 2509 1392 his
2538 1343 2662 1406 que
2691 1344 2893 1407 nuper
2922 1325 3142 1393 habuit

815 1431 880 1494 in
921 1427 1236 1494 mandatis
1285 1446 1324 1492 a
1367 1427 1650 1493 Romano
1693 1425 2023 1506 Pontifice,
2088 1428 2259 1508 quod
2318 1447 2457 1494 cum
2514 1427 2681 1494 bona
2722 1427 2979 1494 licentia
3026 1447 3139 1494 no-

817 1536 968 1611 stra,
1035 1531 1238 1614 possit
1303 1548 1542 1613 ponere
1594 1529 1905 1596 banchum
1950 1547 2067 1614 pro
2112 1531 2431 1598 armandis
2476 1529 2676 1612 galeis
2723 1546 2845 1611 que
2888 1531 3137 1597 nomine

815 1633 1041 1700 summi
1083 1631 1397 1716 pontificis
1441 1631 1542 1698 hic
1590 1633 1824 1699 armari
1867 1631 2117 1712 debent,
2162 1633 2327 1699 sicut
2360 1633 2597 1716 pluries
2629 1632 2812 1697 extiti
2840 1633 2961 1700 sibi
2988 1653 3140 1716 pro·

815 1736 1092 1802 missum.
1166 1734 1390 1817 Sitque
1433 1733 1634 1800 honor
1678 1739 1745 1800 et
1780 1733 2062 1800 debitum
2118 1736 2321 1801 nostri
2368 1734 2623 1801 dominii
2668 1735 3033 1804 satisfacere
3074 1738 3139 1804 in

814 1839 934 1904 hoc
975 1837 1289 1903 voluntati
1333 1838 1558 1902 summi
1601 1835 1935 1919 pontificiS,
1996 1843 2061 1904 et
2108 1838 2507 1918 requisitioni
2548 1836 2775 1920 prefati
2818 1838 3137 1908 Reveren-

817 1939 1056 2007 dissimi
1101 1939 1336 2006 domini
1381 1938 1758 2018 CardinaliS,
1805 1941 2077 2005 maxime
2106 1940 2169 2005 in
2199 1939 2317 2020 his,
2365 1959 2486 2021 que
2518 1939 2697 2006 utilia
2727 1959 2868 2007 esse
2894 1944 3139 2024 possint

817 2048 884 2109 et
932 2042 1174 2108 comodi
1221 2041 1316 2106 rei
1357 2040 1608 2122 publice
1655 2047 1891 2120 nostre,
1960 2046 2205 2108 attento
2252 2042 2570 2124 precipue,
2636 2042 2807 2123 quod
2852 2063 2971 2110 sua
3012 2046 3137 2113 Re·

817 2145 1270 2211 verendissima
1313 2141 1663 2224 paternitas
1695 2161 1811 2208 nos
1846 2143 2179 2224 certifient,
2227 2144 2398 2225 quod
2441 2149 2777 2227 postquam
2807 2146 2929 2212 iste
2958 2149 3139 2230 galee

817 2250 1062 2312 armate
1107 2251 1174 2311 et
1216 2245 1511 2326 expedite
1551 2243 1803 2324 fuerint,
1851 2245 2195 2329 dispositus
2240 2252 2338 2313 est
2378 2265 2627 2328 semper
2671 2248 2872 2330 sequi,
2914 2253 3045 2316 tam
3072 2251 3139 2318 in

817 2348 1064 2428 stando,
1123 2365 1312 2428 quam
1355 2347 1420 2412 in
1462 2347 1839 2428 recedendo,
1887 2353 2189 2430 quantum
2234 2349 2358 2416 erit
2398 2349 2626 2416 mentis
2670 2355 2737 2416 et
2774 2350 3139 2422 intentionis

814 2451 1016 2518 nostri
1061 2449 1340 2516 dominii:

1014 2551 1210 2619 Vadit
1251 2570 1420 2635 pars,
1467 2551 1636 2635 quod
1679 2553 2140 2636 respondeatur
2184 2553 2385 2620 eidem
2430 2552 2979 2623 Reverendissimo
3024 2558 3136 2625 do-

812 2655 979 2723 mino
1031 2654 1371 2735 cardinali,
1413 2654 1586 2737 quod
1627 2656 1794 2723 sicut
1833 2674 2250 2738 sepenumero
2280 2655 2399 2723 sibi
2432 2657 2721 2738 diximus,
2766 2676 2883 2725 nos
2910 2658 3139 2729 fuimus

813 2776 1084 2841 semper,
1149 2762 1215 2823 et
1267 2776 1482 2824 sumus
1540 2761 1679 2824 tota
1719 2764 1931 2824 mente
1977 2759 2267 2841 dispositi
2310 2760 2393 2825 ad
2434 2759 2665 2827 bonam
2707 2762 3141 2830 executionem

810 2861 996 2927 huius
1058 2865 1276 2927 sancte
1327 2859 1734 2942 operationiS,
1795 2865 1862 2926 et
1920 2861 1987 2927 id
2044 2861 2217 2943 quod
2281 2862 2682 2944 promisimus
2728 2860 3140 2931 effectualiter

815 2963 1176 3043 observare,
1243 2966 1308 3027 et
1360 2963 1454 3027 ita
1493 2961 1560 3027 in
1603 2961 1794 3029 solita
1837 2964 2078 3044 optima
2124 2963 2536 3045 dispositione
2578 2968 2801 3031 nostra
2843 2985 3137 3049 perseve-

812 3084 1044 3145 ramuS,
1081 3065 1262 3146 quod
1305 3082 1539 3147 ponere
1583 3064 1790 3147 possit
1831 3063 2146 3131 banchum
2194 3072 2261 3133 et
2301 3067 2647 3150 procedere
2676 3067 2759 3133 ad
2789 3066 3137 3135 armamen-

809 3173 944 3234 tum
990 3166 1316 3250 galearum
1355 3166 1798 3247 predictarum.
1874 3167 2111 3235 Verum
2157 3187 2235 3233 ex
2272 3170 2453 3235 bonis
2500 3158 2724 3251 causis,
2776 3175 2841 3237 et
2882 3189 3136 3254 respec-

809 3269 1000 3349 tibus,
1044 3268 1370 3335 hortamur
1417 3268 1612 3335 Suam
1653 3270 2269 3337 Reverendissimam
2311 3272 2764 3355 paternitatem
2807 3279 2880 3338 ut
2920 3272 3139 3341 differe

809 3370 980 3451 velit,
1026 3371 1110 3437 ad
1154 3372 1306 3453 poni
1343 3370 1697 3438 faciendum
1741 3371 2053 3439 banchum
2096 3387 2212 3454 per
2255 3372 2371 3439 hos
2419 3373 2701 3440 modicos
2742 3374 2903 3457 dies,
2964 3376 3139 3442 vide-

807 3472 960 3539 licet
1003 3491 1202 3555 usque
1249 3473 1333 3539 ad
1378 3472 1544 3540 festa
1579 3475 1864 3557 proxime
1920 3493 2132 3557 pasce,
2203 3476 2497 3557 quoniam
2560 3476 2910 3543 iudicamus
2951 3477 3139 3561 longe

807 3574 1010 3657 magis
1057 3574 1342 3642 conferre
1384 3582 1796 3657 armamento,
1861 3582 1927 3643 et
1987 3576 2150 3643 bone
2192 3578 2579 3660 expeditioni
2624 3580 2949 3663 galearum
2989 3599 3136 3664 pre·

810 3677 1120 3743 dictarum
1165 3675 1384 3744 differe
1425 3678 1524 3744 his
1565 3679 1827 3745 modicis
1874 3676 2119 3759 diebuS,
2189 3698 2377 3761 quam
2442 3699 2607 3748 nunc
2662 3682 3009 3763 procedere
3052 3682 3135 3748 ad

807 3780 1165 3861 ponendum
1208 3780 1536 3861 banchum,
1580 3786 1654 3846 ut
1701 3781 1937 3847 dictum
1976 3785 2091 3847 est.

1110 3899 1211 3966 De
1256 3906 1441 3983 parte
1481 3902 1578 3966 62.

1239 4087 1359 4154 Ser
1403 4088 1754 4155 Ieronimus
1797 4088 2020 4156 Laudo
2069 4088 2334 4172 Sapiens
2384 4090 2689 4157 Ordinum

1007 4204 1162 4273 Vult
1193 4207 1364 4288 quod
1398 4207 1859 4290 respondeatur
1891 4210 2059 4275 dicto
2096 4210 2348 4277 domino
2383 4209 2741 4291 Cardinali,·
2763 4211 2939 4286 quod
2970 4212 3137 4278 sicut

805 4327 1226 4391 sepenumero
1271 4309 1562 4390 diximus,
1607 4308 1835 4376 fuimus
1881 4330 2136 4395 semper
2179 4318 2245 4379 et
2280 4332 2493 4379 sumus
2544 4314 2995 4395 optimamente
3041 4314 3135 4380 di-

803 4412 1030 4494 spositi
1075 4413 1156 4477 ad
1199 4411 1430 4479 bonam
1478 4412 1919 4481 executionem
1950 4412 2133 4481 huius
2164 4418 2365 4482 sancti
2396 4417 2623 4499 operiS,
2672 4421 2740 4482 et
2768 4415 3135 4483 satisfacere
