3793 5187
1851 611 1975 676 149

697 823 857 898 ·tur,
930 815 1041 900 qui
1103 836 1230 885 non
1287 816 1652 884 relaxentur
1689 817 1887 883 donec
1938 816 2114 882 aliud
2160 835 2200 881 a
2238 814 2417 882 nobis
2468 812 2660 881 fuerit
2702 813 3082 880 ordinatum.

736 920 973 986 Datum
1023 966 1299 986 .....
1787 915 2033 984 Similia

1757 1020 2060 1104 (omissis)

703 1181 710 1186 .
737 1123 1090 1190 hortatoria
1119 1128 1366 1189 tantum
1398 1128 1464 1188 et
1491 1122 1728 1205 absque
1737 1121 2041 1306 (33:333
2068 1120 2617 1205 Suffraganeorum
2645 1120 2803 1204 Regi
2826 1119 3086 1186 Polonie

1111 1327 1378 1396 (Arclu‘vae'o
1411 1326 1473 1381 da·
1503 1325 1660 1382 Scato
1697 1327 1752 1381 in
1798 1325 2060 1396 Venetia).

801 1413 970 1470 Bono
1007 1412 1078 1468 ed
1115 1412 1246 1468 Atti
1280 1411 1442 1468 della
1475 1412 1652 1468 Curia
1683 1411 1945 1468 Romana
1982 1411 2037 1466 b.
2076 1411 2144 1464 24
2176 1410 2247 1466 N.
2285 1411 2401 1466 183.

1805 1651 2057 1728 LXV.

1232 1781 1650 1850 mcccctxxl.
1696 1782 1792 1850 die
1837 1783 1901 1848 ll.
1942 1783 2199 1849 ianuarii
2244 1782 2299 1848 in
2345 1779 2582 1848 Radom.

730 1907 872 1974 Rex
922 1907 1219 1974 Poloniae
1275 1909 1357 1974 ad
1415 1909 1653 1974 Ducem
1715 1908 2057 1974 Dominum
2119 1907 2635 1990 christophorum
2684 1907 2976 1973 Maurum
3020 1913 3084 1974 et

695 2081 701 2088 ,
737 2009 1100 2078 Dominium
1163 2012 1577 2078 Venetiarum
1655 2013 1768 2078 dat
1844 2011 2067 2077 literas
2141 2009 2513 2076 Oratoribus
2594 2010 2725 2076 suis
2796 2014 3085 2092 patentes

745 2113 1176 2180 Credentiales
1249 2113 1436 2179 ituris
1513 2113 1593 2178 ad
1664 2113 2002 2178 Dominum
2076 2113 2341 2178 Paulum
2401 2113 2465 2178 II
2527 2111 2893 2178 Pontificem
2960 2113 3087 2180 Ro-

1771 2235 2045 2282 manum.

943 2319 1304 2386 Kazimirus
1364 2317 1489 2384 Dei
1533 2318 1751 2400 gracia
1797 2320 1934 2384 Rex
1974 2318 2255 2400 Polonie,
2316 2319 2581 2402 Magnus
2624 2319 2751 2384 dux
2791 2318 3086 2402 Lythwa-

729 2421 854 2501 nie,
919 2421 1147 2486 Russie
1193 2419 1578 2502 Prussieque
1621 2421 1913 2487 dominus
1956 2425 2024 2486 et
2066 2421 2247 2487 heres
2290 2426 2406 2486 etc.
2455 2417 2860 2488 Serenissimo
2905 2421 3086 2486 Prin-

740 2524 862 2607 cipi
918 2524 1171 2590 domino
1237 2521 1589 2590 Cristoforo
1648 2523 1873 2590 Mauro
1930 2524 2315 2590 Venetorum
2374 2522 2539 2589 Duci
2600 2524 2818 2589 Amico
2869 2529 3085 2590 nostro

741 2626 1245 2709 singularissimo
1293 2627 1496 2693 omnis
1541 2626 1692 2693 boni
1737 2628 2099 2693 continuum
2137 2628 2602 2693 incrementum.
2680 2626 3085 2693 Serenissime

697 2730 1026 2813 ‘princeps
1070 2733 1136 2795 et
1162 2730 1380 2795 Amice
1423 2734 1640 2796 noster
1682 2729 2192 2813 singularissime.
2269 2730 2393 2796 Pro
2437 2729 2725 2795 habenda
2765 2729 3082 2796 vobiscum

723 2837 801 2903 et
847 2850 988 2897 cum
1032 2830 1470 2897 Illustrissimo
1502 2831 1892 2899 Venetorum
1935 2834 2207 2899 dominio
2250 2834 2673 2917 intelligencia
2714 2837 2781 2897 et
2819 2830 3085 2897 familia-

733 2934 947 3015 ritate,
993 2952 1184 3016 quam
1235 2933 1717 3001 Serenissimum
1763 2936 2114 3019 genitorem
2157 2941 2442 3003 nostrum
2480 2933 2892 3001 wladislaum
2934 2934 3083 2999 olim

725 3034 996 3101 ,Polonie
1040 3037 1274 3119 Regem
1333 3042 1585 3103 constat
1628 3037 1940 3117 habuisse,
2005 3038 2343 3121 Magnifice
2403 3043 2471 3104 et
2512 3036 2852 3120 Spectabili
2895 3036 3081 3103 militi

729 3136 959 3204 Iacobo
1002 3139 1082 3205 de
1125 3137 1416 3203 Dambno
1480 3140 1682 3223 Regni
1724 3140 1990 3206 Polonie
2032 3140 2422 3207 cancellario
2461 3144 2527 3206 et
2557 3140 2897 3222 Capitaneo
2931 3139 3083 3205 Cra-

734 3241 1007 3308 coviensi
1081 3245 1148 3306 et
1204 3241 1548 3309 venerabili
1619 3262 1694 3309 ac
1757 3243 2051 3327 religioso
2118 3242 2301 3309 fratri
2355 3243 2647 3309 Michaeli
2711 3242 3080 3327 Monasterij

737 3342 971 3409 Sancte
1003 3343 1227 3409 Crucis
1272 3344 1340 3410 in
1383 3350 1602 3411 monte
1634 3345 1846 3412 Calwo
1885 3344 2141 3413 Ordinis
2185 3346 2399 3413 Sancti
2440 3344 2767 3412 Benedicti
2794 3344 3079 3427 Abbatis,

699 3446 1001 3529 ,Nuncijs
1053 3448 1289 3513 nostris
1345 3451 1412 3513 et
1473 3447 1850 3514 Oratoribus
1920 3450 2000 3515 ad
2068 3448 2541 3515 Sanctissimum
2600 3449 2919 3514 dominum
2971 3467 3082 3515 no-

734 3552 938 3614 strum
978 3548 1251 3615 Paulum
1295 3569 1521 3633 papam
1567 3552 1909 3617 secundum
1952 3552 2303 3632 destinatis,
2364 3552 2766 3635 singulariter
2811 3550 3081 3616 iniunxi-

732 3669 874 3717 mus
917 3650 1127 3719 facere
1171 3653 1252 3719 ad
1297 3671 1411 3718 vos
1448 3653 1841 3735 personalem
1910 3655 2273 3720 descensum
2316 3660 2507 3738 atque
2550 3653 2867 3720 vobiscum
2901 3652 3081 3719 fami-

732 3753 926 3820 liares
965 3772 1156 3835 super
1185 3754 1500 3821 nonnullis
1531 3754 1719 3821 rebus
1751 3754 1984 3821 habere
2012 3760 2327 3823 tractatus
2354 3762 2419 3823 et
2447 3774 2783 3823 sermones.
2847 3755 3081 3834 Quibus

735 3873 1032 3937 rogamus
1080 3856 1146 3922 in
1186 3857 1466 3924 dicendis
1509 3856 1697 3924 fidem
1744 3862 1956 3924 vestra
1992 3858 2225 3925 caritas
2272 3858 2569 3926 adhibeat
2610 3858 2689 3924 de
2732 3859 3082 3925 intencione

744 3962 966 4022 nostra
1027 3959 1110 4024 ad
1165 3959 1419 4042 plenum
1471 3957 1842 4025 informatis,
1920 3961 2157 4028 Datum
2218 3962 2282 4028 in
2339 3963 2581 4028 Radom
2632 3962 2735 4028 die
2786 3961 3078 4043 Mercurij

689 4126 694 4132 ,
735 4061 1011 4125 secunda
1054 4061 1351 4145 Ianuarij‚
1415 4080 1582 4129 anno
1628 4062 1866 4129 domini
1910 4063 2245 4130 Millesimo
2289 4062 2897 4147 quadringentesimo
2940 4080 3079 4144 sep-

735 4162 1085 4246 tuagesimo
1128 4164 1352 4247 primo,

2363 4200 2667 4267 Comissio

2259 4304 2513 4372 Domini
2556 4304 2765 4387 Regis,

1036 4384 1299 4455 (Archivio
1337 4386 1400 4441 de·
1431 4386 1587 4443 Staio
1621 4389 1676 4442 in
1722 4386 1985 4457 Vmaezia).

865 4469 1021 4525 Patti
1058 4470 1260 4528 Seiolti
1301 4472 1462 4531 Seria
1499 4472 1571 4528 I·-
1605 4472 1779 4529 busta
1811 4475 1882 4529 25
1915 4474 1986 4528 N.
2023 4474 2138 4530 538.

2670 4630 2766 4684 11*
