3793 5187
1870 345 1954 414 50

742 548 1187 620 Serenissimus
1228 552 1514 621 dominus
1558 571 1727 634 suuS,
1774 552 1984 620 fuerat
2024 552 2277 619 insimul
2315 571 2454 619 cum
2483 551 2736 620 domino
2764 553 2934 636 Rege
2957 546 3080 618 Ro-

740 673 1063 722 manorum
1121 662 1187 723 et
1245 656 1582 739 Hungarie,
1646 675 1759 739 pro
1811 654 1994 722 factis
2053 655 2203 736 suiS,
2270 673 2392 738 que
2443 675 2631 739 agere
2687 654 2896 736 habet,
2942 675 3080 722 cum

743 757 867 822 illis
911 759 989 824 de
1026 759 1249 826 Prusia
1293 761 1395 826 cui
1438 761 1594 844 Regi
1636 761 2076 840 Romanorum,
2120 759 2286 824 idem
2329 759 2615 825 dominus
2642 759 2778 825 Rex
2809 758 3078 840 Polonie‚

740 861 950 927 omnia
992 863 1243 946 negotia
1284 864 1450 930 inter
1491 864 1696 946 ipsum
1740 866 1807 928 et
1843 862 1985 927 illos
2031 862 2109 927 de
2151 861 2372 926 Prusia
2423 860 2772 942 existentia,
2831 865 3080 926 conten-

739 969 843 1030 tus
871 970 1009 1031 erat
1045 966 1447 1048 committere,
1482 971 1547 1032 01
1579 967 1743 1048 quod
1773 966 1891 1032 hoc
1919 984 2046 1031 non
2073 968 2366 1047 potuerat
2391 963 2621 1030 habere
2645 962 2950 1030 effectum.
2995 964 3082 1028 Et

739 1067 1083 1150 subiunxit,
1130 1070 1295 1152 quod
1334 1071 1540 1138 dictus
1584 1070 1870 1136 dominus
1914 1069 2048 1134 Rex
2093 1067 2367 1147 Polonie‚
2415 1067 2658 1132 dixerat
2685 1066 2928 1150 prefato
2971 1067 3080 1132 do-

741 1171 907 1235 mino
965 1171 1119 1254 Regi
1174 1173 1512 1256 Hungarie,
1574 1172 1739 1255 quod
1796 1190 1911 1254 pro
1969 1171 2129 1237 bono
2176 1169 2669 1237 Christianitatis
2722 1169 2972 1236 volebat
3013 1187 3082 1236 se

738 1272 1136 1356 interponere
1194 1275 1359 1340 inter
1412 1275 1649 1341 dictum
1693 1275 2010 1341 dominum
2048 1273 2280 1355 Regem
2325 1273 2744 1339 Romanorum
2791 1275 2857 1337 et
2902 1270 3081 1337 Hun-

734 1375 923 1456 garie,
970 1394 1045 1442 ac
1088 1381 1376 1442 nostrum
1420 1377 1777 1457 dominium,
1826 1381 1891 1442 et
1934 1377 2100 1442 inter
2141 1376 2345 1457 ipsum
2389 1379 2455 1440 et
2495 1392 2628 1455 noS,
2681 1374 2792 1457 qui
2833 1391 3078 1440 eramus

738 1477 836 1542 sui
878 1477 1024 1545 boni
1072 1480 1257 1546 amici
1299 1478 1503 1546 facere
1544 1485 1840 1560 treuguas
1884 1498 1998 1561 per
2039 1478 2280 1560 aliquos
2323 1495 2537 1558 annos,
2587 1481 2662 1543 ut
2690 1480 2910 1558 postea
2938 1495 3078 1558 pos·

736 1585 835 1646 set
878 1581 1045 1647 inter
1088 1583 1326 1649 dictum
1368 1582 1599 1665 Regem
1643 1580 1968 1663 Hungarie
2025 1585 2090 1646 et
2141 1598 2256 1645 nos
2299 1597 2528 1661 ponere
2569 1578 2794 1645 bonam
2841 1597 3073 1662 pacem.

736 1681 823 1746 Et
865 1684 1031 1765 quod
1074 1683 1279 1749 dictus
1321 1683 1457 1748 Rex
1499 1682 1822 1765 Hungarie
1879 1682 2088 1748 fuerat
2143 1685 2472 1748 contentus
2528 1681 2696 1764 quod
2744 1685 2910 1746 esset
2951 1699 3077 1746 me-

736 1784 875 1850 dius
928 1786 1008 1850 ad
1066 1784 1415 1852 faciendum
1467 1790 1783 1869 treuguaS,
1837 1791 1905 1850 et
1955 1784 2197 1867 rogavit
2256 1788 2538 1851 nostrum
2584 1783 2941 1864 dominium,
3005 1787 3078 1848 111

734 1886 1019 1952 vellimus
1058 1887 1331 1970 aliquem
1376 1907 1451 1954 ex
1492 1887 1726 1954 nostris
1773 1887 2024 1954 mittere
2065 1887 2189 1952 ista
2231 1887 2309 1953 de
2343 1905 2546 1966 causa,
2593 1887 2674 1952 ad
2702 1887 3076 1969 presentiam

736 2006 930 2070 suam,
997 1993 1072 2055 ut
1124 1991 1324 2072 possit
1368 1991 1567 2056 dictas
1613 1996 1906 2073 treuguas
1947 2008 2060 2071 per
2100 1991 2256 2056 duos
2298 1990 2398 2056 vel
2441 1995 2569 2056 tres
2611 2008 2808 2057 annos
2853 1987 3074 2056 facere.

734 2090 822 2157 Et
862 2091 1055 2158 faciat
1100 2111 1213 2176 pro
1256 2097 1471 2158 nostro
1516 2093 1788 2159 dominio
1832 2093 1886 2158 si
1930 2091 2225 2176 possibile
2267 2097 2366 2159 est
2407 2093 2675 2175 experiri
2717 2111 2829 2175 per
2859 2109 3074 2158 omnes

734 2195 950 2260 modos
995 2199 1060 2260 et
1102 2195 1233 2261 vias
1274 2194 1618 2278 possibileS,
1662 2196 1873 2262 venire
1914 2194 1994 2260 ad
2032 2199 2326 2278 treuguas
2370 2213 2512 2261 cum
2551 2195 2718 2261 dicto
2747 2195 2916 2278 Rege
2945 2195 3072 2260 Ro-

737 2314 1082 2363 manorum.
1147 2297 1343 2364 Vadit
1383 2316 1548 2382 parS,
1610 2299 1775 2380 quod
1817 2298 2267 2381 respondeatur
2309 2297 2477 2365 dicto
2535 2297 2783 2364 domino
2821 2298 3072 2380 Thome,

735 2400 903 2482 quod
954 2419 1067 2483 per
1110 2401 1408 2484 elapsum,
1472 2402 1866 2483 cognovimus
1921 2407 1988 2468 et
2037 2402 2304 2468 vidimus
2358 2400 2830 2469 Serenissimum
2875 2399 3072 2467 domi-

733 2486 884 2568 num
928 2521 1110 2569 suum
1155 2505 1473 2571 dominum
1516 2504 1747 2587 Regem
1790 2504 2066 2585 Polonie‚
2127 2522 2370 2588 semper
2411 2522 2548 2570 aese
2589 2503 2823 2587 optime
2865 2503 3077 2586 dispo-

736 2606 927 2671 situm
974 2625 1121 2690 erga
1156 2613 1443 2675 nostrum
1485 2608 1844 2688 dominium,
1907 2612 1972 2674 et
2013 2608 2131 2674 hoc
2173 2606 2581 2674 effectualiter
2623 2607 3078 2674 demonstravit

734 2712 800 2775 et
842 2709 1231 2776 demonstrat
1289 2712 1371 2777 ad
1427 2729 1701 2794 presens.
1778 2711 1867 2776 Et
1910 2729 2021 2777 sue
2073 2710 2428 2791 Serenitati,
2477 2712 2556 2777 de
2596 2714 2728 2777 tam
2771 2710 2934 2777 bona
2979 2709 3074 2775 in-

732 2812 1011 2878 tentione
1054 2830 1189 2893 sua,
1233 2812 1559 2881 referimus
1601 2815 1821 2897 dignas
1862 2818 2092 2897 grates.
2159 2813 2247 2879 Et
2299 2813 2560 2881 dicimus
2621 2813 2790 2895 quod
2831 2830 3075 2895 semper

732 2914 1220 2981 desideravimus
1264 2920 1329 2981 et
1370 2916 1811 2996 desideramus,
1860 2934 2001 2981 011111
2044 2914 2514 2999 quibuscunque
2557 2913 2811 2997 pacifice
2847 2913 3073 2995 vivere,

736 3020 803 3081 et
841 3017 1197 3098 specialiter
1243 3036 1382 3084 cum
1427 3018 1594 3084 dicto
1648 3017 2056 3084 Serenissimo
2116 3018 2365 3085 domino
2421 3015 2592 3100 Rege
2631 3016 3070 3083 Romanorum.

730 3117 817 3183 Et
858 3137 972 3201 pro
1024 3118 1310 3186 habenda
1364 3138 1515 3203 pace
1566 3139 1795 3202 secum,
1854 3124 1967 3187 aut
2019 3125 2333 3203 treuguae,
2393 3118 2680 3201 quotiens
2724 3118 3073 3187 miserimus

731 3225 983 3288 nostros
1025 3221 1505 3289 ambassiatores
1558 3225 1639 3290 ad
1697 3224 1974 3290 diversas
2021 3226 2252 3304 partes,
2313 3222 2628 3289 notorium
2685 3238 2822 3287 esse
2864 3224 3073 3304 potest

730 3325 897 3392 dicto
943 3324 1349 3390 Serenissimo
1378 3325 1629 3393 domino
1665 3326 1822 3409 Regi
1865 3325 2140 3406 Polonie‚
2185 3325 2273 3392 Et
2299 3325 2447 3392 licet
2473 3323 2791 3407 hucusque
2819 3323 2900 3391 ad
2929 3341 3074 3389 con-

734 3426 1075 3493 clusionem
1118 3426 1411 3509 aliquam,
1458 3446 1598 3493 cum
1639 3428 1807 3495 dicto
1850 3428 2102 3495 domino
2129 3428 2300 3511 Rege
2325 3428 2765 3509 Romanorum,
2810 3444 2936 3494 non
2963 3444 3072 3510 po-

730 3530 1031 3596 tuerimus
1089 3530 1438 3612 pervenire;
1512 3534 1722 3597 tamen
1782 3532 2000 3599 audita
2057 3530 2220 3596 bona
2280 3530 2630 3596 intentione
2687 3529 2839 3596 dicti
2896 3527 3074 3596 Sere-

731 3632 975 3698 nissimi
1040 3632 1275 3697 domini
1341 3631 1530 3716 Regis
1594 3633 1850 3701 Polonie
1911 3652 2103 3699 unum
2159 3632 2475 3699 notarium
2537 3635 2822 3698 nostrum
2879 3630 3073 3697 fidum

728 3734 1205 3801 deliberavimus
1246 3734 1326 3801 ad
1369 3735 1746 3818 presentiam
1790 3754 1902 3802 sue
1933 3734 2300 3802 Serenitatis
2345 3734 2675 3803 destinare.
2739 3732 2857 3799 Cui
2887 3752 3073 3816 super

728 3835 894 3903 facto
938 3837 1248 3904 dictarum
1286 3841 1693 3921 treuguamm
1721 3839 2181 3905 committemus
2223 3838 2632 3905 intentionem
2663 3840 2963 3919 nostram,
3007 3840 3073 3903 et

727 3940 991 4006 eundem
1036 3958 1243 4006 secum
1291 3942 1371 4007 ad
1413 3941 1791 4023 presentiam
1836 3942 1987 4008 dicti
2031 3940 2422 4006 Serenissimi
2466 3939 2699 4006 domini
2740 3940 2838 4007 sui
2867 3944 3072 4006 trans-

726 4043 1068 4125 mittemus,
1114 4060 1299 4127 quem
1336 4044 1721 4126 prestissime
1766 4044 2182 4127 expediemuS,
2223 4048 2298 4109 ut
2339 4062 2549 4109 secum
2591 4042 2685 4108 ire
2727 4044 2943 4125 possit.

927 4146 1015 4211 Et
1057 4165 1135 4213 ex
1176 4164 1342 4212 nunc
1386 4146 1473 4212 sit
1519 4151 1771 4229 captum
1830 4146 1998 4230 quod
2060 4146 2228 4212 mitti
2283 4145 2507 4213 debeat
2562 4163 2700 4211 cum
2751 4145 2921 4212 dicto
2963 4145 3072 4212 do-

725 4248 891 4314 mino
936 4247 1268 4316 Thomasio
1305 4248 1579 4332 prudens
1615 4248 1711 4316 vir
1754 4250 2122 4317 Franciscus
2165 4251 2243 4316 de
2284 4250 2348 4316 la
2390 4248 2573 4333 Siega
2634 4249 2919 4317 notarius
2962 4267 3072 4315 no-
