3793 5187
1846 632 1972 698 180

712 837 918 906 nostri
976 834 1385 904 multifariam
1428 836 1495 902 in
1541 854 1788 904 cassum
1829 835 2108 920 suscepti
2151 833 2397 904 labores
2452 838 2520 902 et
2565 837 2739 902 mala
2781 833 3102 904 christia--

712 957 939 1006 norum
980 957 1107 1006 non
1130 944 1417 1021 possunt,
1449 938 1599 1006 dum
1624 939 2030 1007 recordamur
2068 957 2198 1006 non
2227 957 2366 1007 esse
2391 937 2573 1006 nobis
2609 937 3069 1007 molestissima.

714 1041 917 1109 Vetus
956 1047 1169 1109 autem
1194 1059 1363 1118 cura,
1408 1047 1476 1108 et
1518 1042 1885 1110 diuturnum
1913 1041 2191 1109 studium
2235 1047 2541 1123 nostrum,
2581 1044 2657 1108 ιιι
2685 1046 2861 1108 tante
2903 1040 3096 1108 cala--

712 1143 923 1212 mitati
970 1148 1270 1226 quantam
1314 1142 1461 1210 fidei
1506 1148 1575 1210 et
1613 1143 1928 1228 religioni,
1977 1149 2171 1226 atque
2213 1144 2370 1212 adeo
2413 1144 2607 1212 saluti
2673 1147 2740 1210 et
2787 1141 3068 1210 libertati

710 1245 899 1313 unius
952 1246 1255 1327 cuiusque
1318 1245 1579 1314 iminere
1624 1248 2058 1330 cognoscimus
2117 1251 2512 1314 occurratur:
2555 1247 2850 1314 universo
2903 1245 3068 1312 chri-
3085 1285 3100 1292 -

710 1347 920 1414 stiano
963 1347 1101 1414 orbi
1142 1353 1243 1416 est
1278 1349 1612 1417 manifesta
1650 1349 1873 1417 multis
1917 1349 2153 1418 nostris
2196 1347 2700 1434 operationibus;
2743 1349 2855 1416 sed
2897 1347 3063 1416 bello

709 1451 1041 1533 presertim
1086 1453 1253 1533 quod
1296 1452 1597 1519 adversus
1657 1453 2166 1537 potentissimum
2211 1453 2458 1520 hostem
2523 1451 2706 1518 annis
2773 1450 2854 1518 ab
2919 1449 3067 1518 hinc

706 1551 918 1620 XIIII.
958 1561 1277 1637 sumptum
1320 1554 1607 1621 maximis
1648 1553 1972 1622 laboribus
2013 1555 2314 1638 impensis
2364 1557 2572 1622 status
2619 1554 2826 1620 nostri
2867 1554 3094 1620 detri--

704 1659 920 1724 mento
958 1661 1025 1723 et
1065 1656 1341 1740 periculo
1402 1657 1627 1724 maiori
1690 1658 1811 1724 soli
1862 1659 2309 1742 propemodum
2359 1659 2770 1726 sustinemus:
2816 1657 2896 1724 de
2934 1674 3060 1739 quo

704 1758 895 1840 plura
938 1776 1067 1824 non
1108 1759 1414 1841 dicemus;
1460 1778 1559 1842 ne,
1602 1758 1710 1826 ubi
1736 1779 1862 1829 nou
1907 1767 2006 1830 est
2029 1761 2218 1830 rebus
2263 1760 2658 1845 profuturum
2688 1760 2884 1827 simus
2924 1760 3060 1829 lon·

702 1861 934 1944 giores.
1024 1860 1151 1928 Sed
1190 1862 1312 1929 hoc
1352 1881 1544 1928 uuum
1588 1862 1781 1930 fuisse
1822 1864 2064 1932 scilicet
2107 1868 2175 1932 et
2197 1882 2337 1932 esse
2376 1864 2443 1930 id
2483 1861 2674 1930 rebus
2701 1861 3092 1932 christianis·-

702 1967 777 2028 ιιι
818 1964 1235 2030 necessarium
1293 1965 1387 2031 ita
1438 1964 1857 2032 utilissimum.
1947 1967 2186 2034 Everso
2236 1965 2401 2034 enim
2467 1969 2615 2048 post
2669 1965 2873 2032 multa
2933 1965 3061 2032 alia

701 2082 902 2148 regna
944 2064 1287 2132 christiana
1313 2083 1511 2150 regno
1540 2065 1821 2150 Bossine,
1846 2069 1916 2134 in
1943 2068 2350 2136 Germaniam
2378 2069 2579 2134 hostis
2604 2072 2672 2135 et
2711 2067 2778 2134 iu
2805 2068 3058 2135 Italiam

700 2167 1175 2248 potentissimus
1200 2173 1607 2251 penetrasset,
1628 2169 1748 2236 nisi
1776 2189 1891 2238 nos
1921 2171 2096 2238 illum
2125 2170 2294 2237 bello
2320 2168 2796 2238 divertissemus
2815 2175 3054 2252 nostro,

702 2267 1149 2352 diversumque
1192 2272 1609 2338 tenuissemus
1652 2277 1719 2338 et
1762 2273 1905 2340 aliis
1947 2271 2504 2357 implicavissemus
2563 2273 2730 2339 curis
2773 2276 2839 2338 et
2880 2271 3056 2338 labo-

698 2370 876 2438 ribus
922 2373 1112 2439 etiam
1157 2393 1299 2441 cum
1354 2373 1705 2442 infidelibus
1754 2375 2170 2460 principibus;
2213 2375 2301 2440 Et
2347 2379 2558 2442 tamen
2606 2376 2858 2456 quando
2917 2380 3057 2441 tan-

704 2479 841 2540 tum
884 2493 1099 2543 sumus
1143 2477 1422 2559 aggressi
1474 2477 1791 2560 negotium
1843 2495 1972 2544 non
2042 2496 2290 2544 eramus
2353 2477 2550 2544 nescii
2603 2478 3053 2560 magnitudinis
3069 2519 3086 2532 -

695 2577 925 2645 virium
973 2579 1172 2647 hostis
1216 2598 1407 2663 supra
1476 2585 1725 2648 nostras
1784 2580 2306 2665 incomparabiliS‚
2357 2581 2470 2648 sed
2513 2580 2578 2647 id
2620 2577 2880 2647 fecimus
2925 2581 3051 2665 pie,

694 2682 985 2765 religiose
1030 2688 1095 2750 et
1122 2684 1491 2751 necessarie.
1536 2688 1862 2767 sperantes
1909 2684 2284 2752 christianos
2326 2684 2638 2766 principes
2681 2684 2929 2750 comuni
2960 2684 3054 2750 rei

692 2802 823 2850 nou
866 2784 1209 2867 defuturos,
1260 2804 1417 2868 quos
1478 2788 1727 2854 assidue
1779 2787 2139 2854 vocavimus
2205 2786 2560 2853 monuimus
2611 2784 3052 2868 requisivimus

694 2886 1187 2969 supplicavimus
1215 2887 1441 2970 quibus
1471 2893 1611 2955 erat
1636 2889 2132 2972 supplicandum,
2167 2888 2524 2955 instetimus
2565 2888 2768 2955 literis
2811 2889 3048 2955 nuntiis

694 2990 1070 3070 oratoribus,
1112 2990 1269 3055 nihil
1310 2991 1562 3057 tandem
1604 2992 1960 3058 omissimus
2001 2995 2067 3059 et
2110 2991 2447 3075 opportuni
2489 2995 2555 3057 et
2595 2991 2938 3074 importuni
2973 2997 3049 3058 ut

690 3091 785 3156 rei
832 3090 1177 3158 christiane
1218 3093 1527 3174 prodesse
1572 3111 1918 3177 possemus.
2003 3093 2212 3159 Testis
2257 3097 2356 3159 est
2401 3092 2679 3158 omnium
2734 3094 3044 3159 maximus

694 3198 763 3259 et
804 3192 1337 3275 locupletissimus
1382 3195 1797 3278 Imperatoria
1838 3186 2146 3262 Maiestas
2209 3212 2334 3277 que
2391 3198 2457 3260 et
2523 3212 2718 3277 penes
2780 3213 2852 3261 se
2893 3200 3046 3261 anto

694 3294 934 3362 dietam
982 3296 1483 3379 ratisponensem
1527 3301 1594 3364 et
1636 3299 1703 3365 in
1742 3300 1880 3382 ipsa
1925 3298 2097 3365 dieta
2143 3301 2400 3364 nostros
2443 3296 2672 3363 habuit
2716 3303 3040 3365 oratoresz

686 3398 774 3464 Et
816 3397 927 3465 ubi
970 3400 1033 3465 in
1078 3399 1361 3482 generali
1424 3420 1800 3483 promovere
1840 3420 1972 3468 non
2029 3402 2350 3484 potuimus
2411 3398 2674 3467 fecimus
2725 3402 2790 3466 in
2837 3402 3041 3484 parti-

689 3500 887 3567 culari
933 3501 1233 3583 quicquid
1298 3508 1659 3570 nostrarum
1718 3504 1840 3571 fuit
1880 3504 2111 3571 virium
2167 3508 2233 3569 et
2284 3501 2702 3584 facultatum3
2757 3504 3070 3571 eiusdem·

688 3620 905 3669 sumus
948 3604 1502 3687 impresentiarum
1561 3607 1874 3691 propositi
1938 3612 2004 3674 et
2047 3605 2390 3674 voluntatis
2435 3604 2760 3688 futurique
2803 3624 3033 3689 perpe-

688 3710 759 3771 tu
880 3726 986 3771 um
1066 3756 1082 3771 .

762 3724 799 3773 0
846 3724 1136 3875 ¹⁵Adusses
1164 3809 1360 3892 igitur
1385 3812 1749 3894 propositas
1778 3812 2043 3879 dicimus
2075 3810 2143 3877 iu
2169 3810 2336 3877 hunc
2362 3810 2661 3890 modum3
2692 3829 2820 3878 non
2848 3826 3037 3893 posse

686 3928 806 3977 nos
854 3928 973 3993 pro
1016 3912 1259 3979 meritis
1302 3911 1570 3980 laudare
1613 3914 2096 3998 Imperatoriam
2144 3913 2596 3982 celsitudinem
2641 3914 2722 3981 de
2765 3918 3038 3996 paterna

680 4012 853 4081 illius
898 4032 1052 4080 cura
1097 4019 1164 4080 et
1206 4014 1418 4082 studio
1466 4015 1639 4097 quod
1666 4021 1915 4083 tantum
1959 4035 2101 4084 osse
2141 4035 2270 4083 non
2313 4022 2554 4099 potest,
2597 4021 2902 4098 quantum
2945 4016 3068 4083 rei..

678 4116 1055 4200 magnitudo
1099 4135 1228 4184 non
1272 4117 1489 4201 exigat
1518 4119 1976 4202 conveniatque
2004 4119 2424 4203 Imperatorio
2454 4119 2706 4186 muneri
2735 4123 2804 4185 et
2833 4118 3036 4203 digniss

676 4220 820 4286 tati.
908 4218 998 4286 Et
1040 4229 1346 4302 quantum
1381 4222 1467 4288 ad
1508 4239 1626 4289 nos
1665 4223 1900 4288 attinet
1939 4222 2219 4305 prompti
2280 4227 2347 4289 et
2416 4222 2630 4305 parati
2691 4239 2908 4288 sumus
2951 4222 3035 4287 ad

674 4326 1015 4405 utrumque
1067 4324 1461 4406 propositum
1515 4328 1581 4390 et
1645 4330 2066 4391 memoratum
2125 4324 2470 4392 remedium
2527 4328 2660 4389 tam
2716 4322 3068 4406 generalis-

679 4430 1025 4492 conventus
1054 4444 1245 4509 quam
1271 4424 1673 4508 particularis
1700 4426 1955 4493 interim
1982 4426 2514 4512 propugnationis
2545 4424 3033 4492 christianorum

670 4526 982 4595 adversus
1046 4528 1269 4597 solitas
1322 4527 1671 4597 Turcorum
1737 4530 2142 4599 incursiones,
2251 4530 2340 4597 Et
2403 4534 2478 4596 ut
2538 4528 2898 4598 distinctius
2965 4528 3096 4595 in.'
