3793 5187
1914 615 2036 678 150

1816 902 2107 977 LXVI.

935 1055 986 1139 †
1033 1058 1218 1124 lesus.
1277 1056 1736 1125 ΜοοοοιΧΧΙΙΙ.
1781 1058 1877 1126 dic
1921 1058 2052 1125 ΧνΙ.
2097 1057 2373 1126 octobris
2423 1057 2479 1123 in
2522 1058 2769 1126 civitate
2808 1057 2993 1126 ealle.

1003 1226 1074 1291 In
1121 1225 1370 1291 nomine
1410 1226 1643 1291 domini
1704 1245 1905 1292 amen.
1989 1226 2124 1292 Hec
2194 1232 2294 1293 est
2360 1228 2623 1308 quedam
2682 1228 3018 1294 translatio
3064 1231 3143 1295 de

797 1326 1010 1411 lingua
1038 1327 1403 1412 (arabica)
1447 1333 1512 1392 et
1556 1329 1768 1411 lingua
1793 1329 2039 1410 persica
2069 1330 2134 1394 in
2166 1329 2379 1412 lingua
2407 1329 2605 1396 latina
2630 1349 2741 1396 seu
2770 1330 2996 1396 Italica
3040 1350 3149 1396 cu-

796 1431 1038 1496 iusdam
1083 1432 1296 1496 littere
1337 1431 1548 1512 magni
1589 1435 1656 1495 et
1701 1431 2118 1512 potentissimi
2148 1431 2529 1498 Assambech
2559 1433 2799 1499 directe
2842 1433 3145 1499 Illustris-

798 1535 954 1598 sime
983 1534 1413 1599 Dominationi
1438 1534 1866 1613 venetiarum,
1916 1534 2221 1599 translate
2250 1535 2329 1600 de
2356 1536 2541 1602 dictis
2589 1535 2818 1618 linguis
2860 1536 3151 1602 videlicet

796 1636 1047 1702 arabica
1073 1643 1140 1702 et
1169 1637 1409 1719 persica
1453 1637 1522 1700 in
1565 1637 1861 1702 idiomate
1904 1635 2125 1702 Italico
2170 1637 2249 1702 de
2291 1639 2590 1704 mandato
2623 1637 2995 1720 Spectabilis
3023 1640 3149 1704 Do-

795 1740 947 1804 mini
994 1738 1435 1822 Christophori
1470 1738 1549 1803 de
1596 1737 1787 1818 Galle,
1833 1737 2182 1804 honorandi
2228 1739 2519 1805 Consulis
2562 1741 2988 1806 Mercatorum
3022 1741 3147 1808 Ve-

793 1846 1083 1906 netorum
1147 1841 1215 1905 in
1281 1840 1554 1906 Civitate
1615 1840 1802 1906 Caffe.
1900 1841 2187 1906 Instante
2252 1860 2325 1907 ac
2394 1843 2751 1925 requirente
2816 1843 3148 1926 Magnifico

795 1945 1046 2010 domino
1115 1942 1458 2009 Catharino
1528 1943 1695 2009 Zeno
1741 1944 1982 2009 Veneto
2049 1943 2317 2010 Oratore
2364 1944 2794 2012 Illustrissime
2848 1945 3148 2014 Domina-

796 2049 985 2112 tionis
1029 2046 1414 2112 Venetorum
1458 2047 1538 2111 ad
1583 2045 1894 2127 prefatum
1948 2047 2266 2112 dominum
2318 2047 2703 2113 Assambech
2763 2068 2839 2115 ac
2882 2049 3148 2115 Oratore

794 2149 1021 2232 prefati
1067 2149 1316 2214 Domini
1355 2147 1739 2214 Assambech
1781 2150 1861 2214 ad
1910 2147 2233 2214 Summum
2278 2148 2666 2231 Pontificem,
2730 2153 2812 2216 ad
2860 2149 3146 2216 Serenis-

797 2252 1024 2316 simum
1055 2252 1372 2318 dominum
1403 2252 1856 2332 Imperatorem
1885 2250 2334 2333 Romanorum,
2375 2255 2457 2318 ad
2486 2252 2961 2318 Serenissimum
2994 2252 3147 2318 Fer-

794 2354 1134 2419 dinandum
1177 2353 1410 2437 Regem
1454 2353 1684 2434 Sicilie,
1736 2354 1817 2418 ad
1871 2352 2347 2419 Serenissimum
2390 2355 2711 2421 dominum
2753 2357 3143 2422 Kazimirum

795 2456 1030 2538 Regem
1075 2457 1348 2536 Polonie,
1417 2455 1896 2522 Serenissimum
1962 2457 2283 2522 dominum
2338 2456 2646 2522 Mathiam
2688 2458 2922 2540 Regem
2967 2458 3145 2524 Hun-

800 2579 872 2643 ga
881 2560 990 2640 rie,
1050 2578 1166 2626 nec
1206 2579 1329 2626 non
1381 2560 1461 2625 ad
1505 2558 1812 2641 prefatam
1857 2558 2351 2625 Illustrissimam
2395 2558 2894 2626 Dominationem
2943 2561 3147 2627 Vene-

794 2665 1044 2746 tiarum,
1115 2682 1226 2746 per
1279 2682 1378 2729 me
1434 2662 1871 2729 Constantium
1917 2664 1993 2729 de
2039 2661 2233 2728 Sarra
2277 2663 2509 2729 artium
2554 2663 2907 2730 liberalium
2949 2666 3145 2749 magi-

790 2767 1082 2850 gistrum:
1148 2772 1214 2831 et
1277 2766 1630 2848 specialiter
1698 2766 1780 2831 ad
1843 2765 1963 2832 hoc
2031 2766 2349 2847 negotium
2394 2766 2831 2832 cancellarium
2877 2768 3143 2835 electum

791 2890 903 2953 per
945 2868 1256 2953 prefatum
1299 2869 1617 2934 dominum
1665 2869 1982 2936 consulem
2026 2872 2326 2951 tanquam
2382 2888 2562 2935 suum
2608 2870 3023 2938 confidentem
3067 2874 3146 2939 de

789 2972 977 3039 verbo
1015 2974 1096 3038 ad
1138 2972 1424 3038 verbum:
1481 2974 1546 3036 et
1588 2970 1844 3037 verbum
1881 2991 1995 3053 pro
2039 2970 2231 3038 verbo
2272 2971 2429 3037 nihil
2476 2972 2691 3039 addito
2734 2974 2832 3039 vel
2875 2980 3140 3056 mutate,

790 3076 957 3158 quod
1002 3080 1206 3140 mutet
1250 3092 1502 3139 sensum
1546 3081 1660 3140 aut
1706 3074 1909 3141 variet
1945 3075 2349 3155 intellectum,
2398 3075 2519 3139 nisi
2566 3074 2729 3141 forte
2771 3075 2979 3143 forent
3028 3080 3143 3144 ali-

788 3197 912 3260 que
955 3178 1259 3243 dictiones
1305 3178 1369 3243 in
1408 3177 1534 3242 illis
1576 3177 1806 3260 linguis
1870 3196 1996 3260 que
2056 3198 2167 3261 per
2231 3179 2550 3261 propriam
2594 3178 2880 3245 Italicam
2923 3181 3143 3248 dictio·

789 3299 932 3345 nem
977 3299 1103 3345 non
1147 3283 1406 3362 possent
1451 3278 1804 3346 transferri:
1875 3299 2033 3363 quas
2080 3282 2383 3347 dictiones
2435 3282 2693 3362 exposui
2735 3301 2849 3364 per
2890 3284 3143 3366 propin-

791 3383 1070 3463 quiorem
1134 3382 1488 3461 dictionem,
1560 3401 1682 3464 que
1751 3384 2031 3464 potuerit
2096 3382 2469 3448 conformari
2522 3384 2635 3448 tali
2679 3383 2946 3465 arabice,
3013 3386 3143 3452 sive

705 3530 712 3535 -
789 3486 1026 3567 persice
1085 3485 1371 3551 dictioni:
1435 3484 1566 3562 Que
1633 3484 1966 3551 translatio
2038 3484 2204 3550 facta
2267 3483 2389 3549 fuit
2454 3484 2910 3567 interpretante
2976 3486 3143 3553 Coza

798 3586 946 3653 Goli
990 3587 1261 3652 Armeno
1306 3586 1490 3652 docto
1550 3586 1685 3651 viro
1751 3592 1816 3652 et
1871 3586 2073 3669 perito
2115 3588 2180 3652 in
2224 3586 2409 3652 dictis
2446 3586 2701 3669 linguis:
2768 3588 2903 3671 ipso
2948 3589 3141 3655 inter-

788 3692 1082 3771 pretante
1125 3693 1191 3753 et
1233 3707 1333 3753 me
1378 3687 1791 3755 transferente
1849 3690 2164 3756 mediante
2226 3689 2425 3755 fratre
2481 3689 2750 3775 Georgio
2807 3694 2887 3759 de
2924 3694 3142 3759 ordine

792 3792 1119 3857 unitorum
1160 3792 1363 3874 perito
1407 3792 1474 3855 in
1517 3790 1732 3873 lingua
1777 3811 2050 3874 armena,
2114 3798 2179 3858 et
2237 3792 2563 3858 Tartarica
2604 3792 2795 3859 verba
2834 3794 2948 3860 illa
2989 3796 3141 3860 mihi

791 3894 1126 3976 exponenti
1189 3894 1254 3958 in
1316 3893 1530 3976 lingua
1584 3893 1822 3960 Italica.
1910 3894 1997 3960 Et
2040 3913 2161 3977 que
2204 3894 2391 3960 litera
2434 3893 2625 3961 habet
2669 3896 2847 3980 signa
2890 3916 2997 3963 sex
3040 3917 3141 3964 ro-

789 3995 990 4061 tunda
1031 3994 1321 4062 videlicet
1364 4014 1556 4061 unum
1593 3996 1660 4059 in
1702 3994 1827 4062 fine
1867 3995 2081 4063 littere
2124 4016 2163 4061 a
2206 4008 2389 4080 parte
2441 3998 2741 4081 interiori,
2788 4006 2855 4067 et
2896 4000 3142 4083 reliqua

787 4098 1063 4181 quinque
1122 4098 1314 4164 etiam
1364 4098 1430 4162 in
1477 4096 1601 4163 fine
1645 4098 1858 4163 littere
1898 4118 1939 4163 a
1980 4104 2160 4181 parte
2218 4100 2535 4166 exteriori.
2628 4101 2761 4179 Que
2805 4102 3139 4168 translatio

787 4200 937 4267 talis
979 4206 1105 4267 est:
1153 4200 1390 4282 scripta
1435 4204 1644 4265 tamen
1687 4218 1800 4283 per
1843 4201 2036 4268 alium
2078 4201 2232 4267 mihi
2270 4201 2697 4269 confidentem.

992 4302 1067 4369 In
1108 4303 1362 4369 nomine
1405 4302 1850 4384 omnipotentis
1893 4302 2013 4369 Dei
2053 4301 2318 4386 (litteris
2357 4305 2610 4387 aureis).

991 4402 1172 4471 Unus
1214 4405 1386 4470 Deus
1433 4404 1692 4488 (litteris
1733 4406 1991 4488 aureis).
2079 4405 2215 4472 Hec
2252 4413 2400 4473 sunt
2434 4406 2627 4474 verba
2680 4408 3169 4489 resplendentis-

786 4512 979 4589 atque
1026 4507 1208 4573 fortis
1246 4508 1452 4574 Assan
1495 4507 1755 4591 (litteris
1793 4508 2040 4593 nigris).
