3793 5187
1765 630 1891 694 177

657 835 950 918 maxime,
1003 837 1254 919 quando
1311 833 1592 918 perfecta
1649 835 1864 906 omnia
1904 835 2218 904 credimus
2262 853 2384 918 que
2426 837 2601 920 regia
2644 835 3020 906 Sublimitas

661 944 966 1022 occupata
1020 942 1088 1004 in
1145 937 1277 1005 suis
1329 937 1553 1004 faustis
1601 937 1842 1020 nuptiis
1893 941 2192 1004 tenuere:
2253 943 2329 1004 ut
2386 937 2493 1004 ubi
2553 940 2754 1006 maior
2798 939 3015 1008 futura

661 1042 748 1108 sit
789 1043 888 1108 vel
928 1041 1270 1108 necessitas
1317 1040 1415 1106 vel
1459 1041 1705 1108 utilitas
1759 1059 1971 1107 rerum
2014 1039 2498 1108 christianarum
2544 1046 2765 1110 contra
2806 1061 3015 1111 comu-

659 1162 804 1211 nem
862 1143 1110 1211 hostem
1170 1142 1341 1226 apud
1399 1161 1774 1226 quemquam
1849 1142 2027 1210 nulla
2090 1144 2293 1226 possit
2333 1144 2603 1228 amplius
2648 1163 2785 1213 esse
2830 1145 3014 1213 dubi-

663 1248 844 1314 tatio.

865 1347 1408 1414 consideravimus
1450 1347 1516 1414 id
1559 1348 1728 1429 quod
1767 1347 1939 1414 inter
1979 1351 2189 1414 cetera
2232 1347 2506 1416 scribitis
2543 1350 2623 1416 de
2650 1349 3005 1418 oratoribus

660 1452 906 1536 polonis
967 1456 1034 1517 et
1087 1451 1168 1518 de
1217 1469 1334 1518 suo
1381 1451 1550 1518 istuc
1609 1452 1906 1532 adventu,
1966 1469 2157 1518 causa
2199 1456 2266 1518 et
2306 1471 2589 1533 recessu;
2650 1458 2717 1520 et
2760 1455 3015 1522 modum

659 1555 980 1623 vobiscum
1036 1561 1355 1622 servatum
1400 1553 1832 1634 artificiosum,
1878 1557 2275 1637 vestramque
2314 1555 2713 1638 prudentiam
2753 1561 2820 1622 et
2864 1557 3019 1622 dex-

661 1660 985 1726 teritatem
1043 1658 1111 1723 in
1167 1676 1318 1724 vero
1371 1657 1698 1724 eliciendo.
1793 1656 2338 1724 consideravimus
2398 1659 2589 1725 etiam
2631 1659 3017 1744 prosecutio-

657 1779 802 1828 nem
844 1759 996 1826 belli
1036 1758 1430 1842 Imperatorii
1474 1763 1695 1826 contra
1737 1758 1880 1824 illos
1923 1759 2268 1825 australes:
2323 1759 2411 1825 Et
2453 1760 2811 1828 dubitamus
2841 1761 3011 1843 quod

659 1863 862 1929 maius
925 1861 1099 1928 illinc
1170 1865 1618 1944 proventurum
1693 1861 2066 1928 scandalum
2140 1862 2227 1929 sit
2296 1881 2487 1945 quam
2556 1868 2879 1947 appareat,
2950 1869 3016 1930 et

659 1963 1010 2033 dissimulet
1051 1965 1226 2046 regia
1266 1963 1569 2030 Maiestas
1616 1967 1960 2046 propterea
2000 1964 2289 2030 volumus
2332 1969 2399 2031 et
2439 1965 2616 2033 vobis
2645 1966 3014 2033 mandamus

661 2073 736 2135 ut
777 2067 948 2150 regie
991 2065 1364 2132 Celsitudini
1407 2065 1686 2148 predicte
1737 2067 2057 2133 suadeatis
2098 2067 2328 2134 iterum
2368 2071 2559 2151 atque
2599 2069 2831 2136 iterum
2873 2088 3018 2153 pro-

658 2170 1052 2254 rogationem
1102 2169 1487 2235 indutiarum
1543 2174 1610 2236 et
1666 2173 2103 2251 aptamentum
2160 2169 2414 2236 illarum
2464 2189 2675 2237 rerum
2718 2172 3014 2253 omnium,

661 2278 799 2339 tum
847 2291 990 2338 cum
1031 2277 1301 2355 utroque
1339 2290 1486 2354 rege
1511 2271 1769 2338 Polonie
1813 2272 2053 2339 scilicet
2094 2275 2161 2338 et
2187 2271 2442 2339 Boemie
2483 2291 2673 2356 quam
2708 2293 2851 2342 cum
2893 2275 3018 2340 Im-

659 2381 968 2460 peratore,
1013 2381 1088 2441 ut
1138 2375 1312 2458 regia
1351 2374 1492 2456 ipsa
1519 2373 1826 2440 Maiestas
1870 2373 2125 2440 liberior
2166 2374 2253 2441 sit
2294 2375 2376 2441 ad
2420 2375 2827 2442 christianam
2872 2395 3015 2460 pro·
3086 2415 3091 2420 ·

660 2477 1133 2562 pugnationem3
1178 2477 1266 2543 Et
1309 2475 1603 2542 Summus
1647 2475 1942 2543 Pontifex
1983 2476 2335 2560 reliquique
2380 2481 2747 2560 potentatus
2783 2480 3017 2545 contri-

660 2581 892 2663 buturi,
954 2581 1122 2648 omni
1183 2582 1439 2647 careant
1496 2578 1913 2660 dubitatione,
1974 2598 2097 2661 que
2146 2579 2239 2647 eis
2282 2599 2357 2646 ex
2402 2580 3009 2665 appropinquatione

659 2684 910 2751 termini
955 2682 1338 2749 indutiarum
1372 2702 1513 2751 cum
1547 2682 1816 2749 Polonia
1861 2685 1929 2747 et
1966 2685 2207 2747 motum
2236 2682 2642 2765 Imperatoris
2680 2685 3011 2767 ingenera-

659 2790 865 2853 retur:
947 2786 1067 2853 Est
1130 2805 1208 2852 ex
1271 2786 1548 2853 omnium
1616 2783 1937 2849 mentibus
2001 2786 2377 2852 removenda
2440 2788 2609 2852 omni
2678 2787 2886 2854 studio
2933 2787 3016 2853 ab

659 2890 834 2972 regia
895 2888 1293 2955 Sublimitate
1377 2886 1707 2954 Removeri
1794 2892 2012 2954 autem
2075 2886 2249 2953 nulla
2312 2888 2570 2954 cerciori
2634 2889 2737 2955 via
2798 2895 3014 2973 potest

660 3010 848 3075 quam
911 2991 1298 3057 indutiarum
1343 2989 1739 3056 firmamento
1785 2993 1851 3055 et
1893 2994 2261 3072 aptamento
2312 3009 2525 3063 rerum
2566 2992 3010 3074 predictarum,

661 3094 828 3160 circa
883 3112 1043 3177 quas
1095 3092 1532 3176 replicabimus
1586 3092 1745 3159 illud
1802 3091 1970 3158 idem
2026 3092 2248 3159 alteris
2306 3093 2508 3159 literis
2552 3093 2891 3176 tetigimus,
2934 3114 3012 3161 ne

661 3195 909 3263 scilicet
979 3196 1153 3279 regia
1214 3194 1581 3263 Sublimitas
1649 3194 1731 3261 ab
1793 3193 2070 3277 ipsarum
2134 3194 2519 3261 indutiarum
2578 3198 3015 3279 prorogatione

659 3298 874 3381 aliqua
929 3316 1134 3381 causa,
1196 3298 1327 3365 sive
1380 3296 1751 3365 difficultate
1817 3297 2105 3378 desistat,
2187 3298 2482 3381 quoniam
2543 3299 2733 3365 ceteri
2795 3317 3014 3366 omnes

658 3404 982 3484 respectus
1045 3404 1111 3467 et
1173 3420 1358 3469 cause
1396 3406 1544 3467 sunt
1587 3419 1658 3467 re
1703 3399 2055 3466 christiana
2114 3405 2179 3465 et
2231 3406 2565 3482 persancta
2616 3400 3016 3484 gloriosaque

658 3521 776 3569 sua
826 3502 1218 3586 expeditione
1277 3506 1345 3569 et
1409 3502 1708 3587 impresia
1777 3502 1965 3585 longe
2022 3502 2365 3571 inferiores,
2454 3504 2598 3571 Duo
2656 3504 2853 3587 igitur
2902 3505 3017 3572 hec

662 3624 772 3672 vos
813 3605 1120 3673 indefesse
1161 3606 1534 3689 persuadete
1575 3610 1642 3671 et
1687 3606 2008 3673 solicitata
2048 3607 2405 3691 impresiam
2448 3607 2689 3673 scilicet
2732 3607 3017 3691 designa-

657 3712 794 3774 tam
851 3711 919 3775 et
958 3713 1249 3791 paratam
1293 3708 1362 3774 in
1405 3708 1692 3792 partibus
1739 3706 2145 3775 inferioribus
2186 3715 2252 3776 et
2295 3726 2489 3791 supra
2528 3709 2827 3791 scriptam
2870 3727 3013 3794 pro·

657 3811 1046 3895 rogationem
1089 3816 1156 3878 et
1195 3810 1726 3893 pacificationem:
1793 3810 1874 3877 de
1935 3828 2061 3893 qua
2114 3815 2187 3877 ut
2230 3811 2440 3876 omnia
2492 3812 2863 3895 intelligatis
2906 3830 3015 3895 op-

659 3918 925 3997 portune
967 3916 1034 3980 et
1075 3912 1414 3981 efficaciter
1468 3914 1838 3997 scripsimus
1883 3914 1967 3979 ad
2010 3917 2294 3979 nostrum
2343 3918 2656 3981 oratorem
2700 3916 2767 3980 in
2811 3915 3013 3993 curia;

659 4020 726 4083 et
780 4035 908 4082 non
963 4014 1322 4082 dubitamus
1378 4013 1700 4083 Summum
1753 4014 2111 4098 pontificem
2179 4033 2433 4099 operam
2474 4014 3014 4100 diligentissimam

658 4118 952 4185 daturum
1005 4138 1116 4203 per
1168 4118 1344 4185 illam
1384 4118 1552 4185 viam
1595 4123 1659 4186 et
1701 4120 1962 4185 modum
2004 4136 2189 4201 quem
2241 4118 2612 4209 iudicaverit
2654 4119 3011 4186 celeriorem

660 4226 727 4289 et
767 4220 1192 4301 efficatiorem‚
1259 4226 1333 4288 ut
1386 4222 1632 4289 indutie
1676 4223 1961 4306 predicte
2002 4220 2253 4303 penitus
2296 4224 2729 4303 prorogentur,
2782 4225 2849 4288 et
2892 4220 3013 4285 tol-

658 4324 830 4391 latur
889 4326 1090 4391 omnis
1161 4344 1238 4391 ex
1301 4324 1412 4392 illo
1479 4325 1678 4393 latere
1745 4323 2089 4392 difficultas
2150 4328 2217 4389 et
2280 4323 2645 4406 periculum.
2737 4321 2880 4405 Sed,
2942 4326 3017 4389 ut

659 4428 868 4509 sepius
911 4427 1180 4493 diximus
1221 4432 1498 4493 vestrum
1561 4427 1646 4493 sit
1689 4428 1971 4493 muneris
2016 4431 2083 4493 et
2124 4425 2375 4493 assidue
2417 4425 2716 4493 instantis
2759 4429 2825 4492 et
2865 4444 3014 4508 ope-

656 4530 923 4597 rationis
977 4534 1051 4597 ut
1108 4548 1212 4596 res
1265 4530 1380 4596 hec
1432 4529 1637 4597 locum
1693 4534 1759 4596 et
1813 4528 2105 4597 effectum
2148 4528 2425 4596 votivum
2468 4532 2535 4595 et
2573 4528 2839 4595 celerem
2882 4547 3014 4595 sor-

2604 4648 2673 4701 13
