3793 5187
1849 591 1975 658 206

739 799 1003 877 nimus,
1048 797 1163 864 sed
1205 794 1521 878 accipiant
1585 795 1889 878 optimam
1953 798 2370 880 voluntatem,
2431 803 2498 866 et
2562 799 3100 882 perfectissimum

740 900 1015 968 animum
1052 904 1357 980 nostrum,
1391 897 1500 978 qui
1528 896 1920 966 intrinsecus
1975 917 2131 983 erga
2173 901 2285 966 illa
2313 902 2640 984 syncerior
2687 909 2755 970 et
2796 901 3110 970 affectuo—

735 1003 869 1072 sior
910 1021 1055 1068 esse
1096 1001 1353 1067 minime
1399 1005 1636 1082 posset.

942 1105 1033 1171 Et
1076 1104 1375 1186 quoniam
1419 1109 1707 1170 oratores
1754 1101 2014 1170 Cesarei
2084 1121 2369 1172 seorsum
2413 1124 2456 1172 a
2495 1107 2693 1190 regiis
2738 1107 3094 1190 requisive-

732 1213 883 1275 runt
924 1208 1075 1274 dum
1118 1204 1479 1274 conferrent
1522 1223 1665 1271 011111
1709 1204 2042 1289 deputatis
2083 1207 2337 1290 collegii
2399 1213 2626 1291 nostri,
2689 1209 2858 1293 quod
2899 1209 3102 1278 sicuti·

736 1311 1080 1378 dominium
1120 1314 1409 1376 nostrum
1454 1326 1523 1374 se
1568 1306 1801 1376 obtulit
1844 1310 2234 1392 scripturum
2292 1310 2374 1376 ad
2429 1317 2751 1378 oratorem
2797 1317 3090 1380 nostrum

734 1411 905 1498 apud
950 1412 1223 1480 Turcnm
1265 1429 1383 1494 pro
1429 1410 1846 1478 serenissimo
1911 1429 2068 1494 rege
2111 1411 2393 1488 Polonie,
2452 1414 2548 1479 ita
2590 1414 2848 1496 placeat
2893 1417 3090 1482 etiam

730 1516 984 1584 insimul
1028 1515 1305 1581 scribere
1370 1531 1487 1596 pro
1564 1512 1841 1580 Cesarea
1912 1513 2306 1581 Celsitudine
2348 1515 2650 1583 videlicet
2719 1534 2838 1599 pro
2913 1521 3096 1584 statu

731 1619 859 1688 8110
901 1619 1278 1686 Maiestatis.
1362 1617 1465 1682 Ex
1508 1635 1673 1682 nunc
1714 1617 1801 1683 sit
1845 1622 2122 1699 captum,
2193 1618 2363 1700 quod
2410 1618 2654 1685 eisdem
2722 1620 3088 1688 oratoribus

731 1722 1001 1788 cesareis
1057 1720 1305 1787 dicatur
1370 1718 1713 1785 dominium
1781 1724 2069 1785 nostrum
2145 1719 2226 1785 ob
2285 1717 2544 1786 filialem
2611 1719 3085 1788 observantiam

728 1823 796 1888 in
838 1824 1239 1890 Maiestatem
1281 1821 1678 1906 Imperialem
1741 1837 1884 1888 esse
1946 1820 2110 1886 bene
2179 1826 2546 1889 contentum
2610 1823 2758 1890 huic
2816 1824 3093 1906 requisi--

726 1925 887 1992 tioni
931 1944 1044 1992 sue
1088 1923 1475 2006 satisfacere,
1519 1929 1711 2007 prout
1752 1924 1819 1990 in
1862 1923 2404 2007 gratificationem
2467 1943 2724 2008 quoque
2788 1945 2902 1994 sue
2943 1929 3086 1994 Ma-

726 2027 992 2110 iestatiS,
1060 2032 1129 2093 et
1169 2027 1248 2093 ob
1293 2027 1463 2092 illius
1525 2027 2051 2095 intercessionem
2110 2028 2343 2094 statuit
2385 2045 2627 2094 morem
2672 2046 2894 2112 gerere
2939 2048 3084 2114 pre-

730 2131 897 2198 dicto
943 2129 1359 2196 Serenissimo
1406 2129 1659 2195 domino
1701 2127 1861 2211 Regi
1907 2127 2177 2195 Polonie
2229 2129 2352 2195 sibi
2399 2129 2759 2196 coniuncto·

974 2232 1073 2298 De
1113 2235 1301 2314 parte
1475 2233 1619 2297 168.

972 2335 1074 2401 De
1114 2353 1243 2402 non
1564 2338 1623 2399 0.

973 2436 1117 2505 Non
1160 2435 1393 2503 sinceri
1558 2439 1619 2502 2.

1030 2573 1295 2645 (Ambivio
1330 2571 1387 2627 da·
1420 2571 1574 2628 Scato
1608 2573 1663 2627 in
1708 2571 1974 2642 venezia).

792 2659 1227 2717 Deliberazioni
1266 2660 1481 2715 Senato
1516 2657 1759 2727 Socrati,
1794 2676 1926 2729 reg.
1958 2658 2030 2713 33
2063 2673 2110 2713 0.
2149 2658 2235 2715 21.

1763 2932 2020 3011 XCII.

1356 3088 1863 3158 UGCCCLXXXW.
1906 3088 2002 3155 die
2043 3089 2238 3156 ΧνΙΙΙΙ.
2273 3088 2428 3157 sulii.

721 3258 1138 3325 Summarium
1178 3256 1635 3325 informationis
1680 3258 1829 3325 date
1870 3275 1990 3339 per
2026 3260 2348 3323 oratorem
2385 3256 2791 3325 Serenissimi
2833 3257 3074 3324 domini-

1140 3365 1142 3367 ’
1636 3363 1806 3443 regis
1850 3359 2136 3426 Polonie.

920 3479 1354 3561 Ringratiamo
1398 3480 1463 3545 la
1505 3479 1946 3547 Illustrissima
2013 3478 2312 3559 Signoria
2380 3480 2463 3545 de
2527 3480 2593 3545 la
2647 3497 2845 3562 opera
2885 3480 2953 3545 la
2998 3498 3068 3546 se

716 3582 803 3649 ha
846 3580 1068 3648 offerto
1112 3581 1196 3649 ad
1236 3586 1459 3648 nostra
1499 3582 1807 3648 instantia
1869 3586 1938 3646 et
1997 3581 2303 3648 richiesta
2371 3582 2744 3664 interponer
2808 3588 3064 3665 apresto

715 3690 782 3752 et
824 3684 1051 3767 Signor
1094 3685 1299 3750 Turco
1344 3703 1456 3766 per
1496 3702 1677 3750 mezo
1723 3682 1826 3749 del
1872 3702 1989 3749 sno
2033 3683 2391 3750 Secretario
2470 3685 2538 3749 in
2614 3683 3066 3751 Constantino-

714 3788 843 3871 poli
888 3808 1003 3873 per
1044 3787 1144 3855 far
1188 3788 1327 3854 chel
1362 3792 1585 3855 nostro
1631 3786 2045 3855 Serenissimo
2087 3786 2184 3853 Re
2229 3785 2490 3869 obtengi
2549 3804 2708 3869 pace
2760 3805 2913 3853 over
2953 3786 3061 3851 In·

716 3891 898 3959 ducie
934 3891 1019 3957 da
1061 3892 1287 3974 quello.
1350 3891 1440 3957 Et
1481 3910 1595 3957 azo
1640 3891 1704 3957 la
1745 3889 2186 3957 Illustrissima
2245 3888 2538 3973 Signoria
2583 3891 2662 3955 sii
2701 3888 3064 3965 informata,

713 3998 781 4061 et
821 3994 997 4078 possi
1040 3995 1233 4059 darne
1270 3992 1711 4060 informatione
1750 3994 1813 4059 al
1857 3994 2029 4059 dicto
2092 4010 2206 4059 suo
2277 3990 2640 4059 Secretario
2678 3993 2758 4059 de
2807 3992 2870 4058 le
2915 4011 3069 4074 pra·

711 4096 916 4163 ctiche
964 4097 1195 4162 havute
1238 4100 1343 4161 tra
1386 4096 1448 4161 el
1489 4094 1691 4162 Turco
1736 4102 1804 4162 et
1846 4096 1908 4161 el
1954 4114 2026 4161 re
2069 4100 2312 4171 nostro,
2359 4100 2426 4161 et
2467 4095 2659 4161 etiam
2695 4112 2736 4159 a
2762 4095 2883 4161 che
2929 4102 3062 4161 ter-

710 4201 877 4265 meni
921 4198 983 4265 al
1017 4204 1312 4281 presente
1374 4216 1444 4264 se
1496 4203 1803 4265 ati-ovano
1848 4199 1893 4264 li
1941 4198 2385 4265 dichiariremo
2444 4197 2760 4263 succincte
2809 4196 2870 4263 el
2915 4201 3058 4265 tuto

708 4320 826 4385 per
867 4302 980 4384 piu
1021 4300 1377 4369 facilmente
1418 4301 1659 4368 condur
1700 4300 1767 4366 la
1808 4302 2086 4367 materia
2128 4302 2194 4367 al
2238 4306 2461 4384 optato
2510 4298 2752 4366 effecto.

912 4404 1203 4472 Vivcndo
1247 4404 1307 4471 01
1350 4404 1419 4485 Si
1504 4422 1577 4470 or
1622 4404 1827 4473 Turco
1885 4403 2182 4471 defuncto
2249 4405 2358 4487 piu
2402 4404 2600 4485 volte,
2669 4408 2735 4469 et
2777 4420 2895 4484 per
2947 4402 3060 4484 piu

709 4510 809 4575 vie
850 4508 1135 4575 rechiese
1178 4508 1237 4575 el
1277 4422 1521 4613 nostz·
1546 4506 1965 4575 Serenissimo
2015 4526 2088 4573 re
2134 4525 2173 4574 a
2219 4525 2394 4591 pace,
2457 4504 2829 4573 offerendoli
2872 4506 3062 4572 favor
