3793 5187
1868 420 1957 484 44

741 695 744 698 ,
956 623 1131 704 Quod
1175 623 1289 691 fiat
1331 623 1681 692 commissio
1712 625 2155 710 circumspecto
2182 624 2317 693 viro
2345 625 2676 692 Francisco
2700 625 2780 691 de
2808 623 2873 691 la
2901 617 3083 709 Siega

750 729 997 795 notario
1042 732 1258 794 nostro
1301 728 1368 795 in
1409 729 1529 796 hac
1569 728 1786 795 forma.

949 832 1295 914 Francisce,
1341 834 1707 900 mandamus
1749 832 1866 899 tibi
1924 833 2089 915 quod
2131 831 2317 898 simul
2362 849 2503 897 cum
2553 830 2907 897 venerabile
2947 830 3080 896 viro

749 934 996 1000 domiuo
1025 934 1262 1000 Thoma
1289 936 1367 1003 de
1395 937 1590 1003 Diaco
1633 937 1852 1003 nuntio
1890 935 2280 1002 Serenissimi
2322 935 2555 1001 domini
2571 985 2587 1000 .
2609 984 2624 1000 .
2670 934 2859 1018 Regis
2902 933 3082 1000 Polo-

749 1037 880 1119 nie,
941 1038 1033 1104 ire
1090 1038 1316 1105 debeas
1372 1040 1453 1105 ad
1508 1039 1886 1122 presentiam
1947 1038 2099 1104 dicti
2156 1037 2546 1105 Serenissimi
2603 1038 2839 1104 domini
2895 1037 3081 1120 Regis

750 1140 1006 1207 Polonie
1049 1159 1192 1208 cum
1232 1141 1466 1208 nostris
1529 1142 1731 1208 literis
1787 1141 2177 1208 credulitatis
2224 1145 2289 1207 et
2331 1141 2709 1224 presentatis
2752 1159 2864 1207 sue
2906 1139 3082 1208 Sere-

748 1244 936 1310 nitati
978 1245 1178 1310 literis
1218 1245 1454 1312 nostris
1495 1245 1809 1328 predictis,
1855 1251 1922 1311 et
1962 1245 2132 1312 facta
2175 1245 2401 1310 devota
2444 1250 2510 1310 et
2550 1243 2865 1310 amicabili
2918 1243 3084 1310 salu-

750 1347 1011 1428 tacione,
1057 1367 1198 1414 cum
1227 1346 1429 1414 verbis
1472 1349 1929 1431 pertinentibus
1972 1353 2038 1414 et
2074 1348 2457 1429 necessariiS,
2502 1347 2667 1415 sicut
2710 1347 2932 1414 honori
2960 1345 3085 1412 Sue

753 1448 1139 1532 Serenitatis,
1183 1456 1250 1517 et
1289 1453 1488 1518 nostri
1531 1453 1787 1518 dominii
1820 1451 2057 1518 videbis
2104 1451 2447 1532 convenire,
2492 1451 2719 1517 debeas
2770 1450 2974 1516 dicere
3019 1452 3084 1515 et

755 1570 1080 1635 exponere,
1127 1555 1294 1637 quod
1315 1573 1427 1637 per
1453 1554 1864 1622 venerabilem
1886 1555 2087 1621 virum
2116 1555 2433 1620 dominum
2452 1554 2750 1619 Thomam
2772 1553 2850 1619 de
2870 1552 3083 1634 Diaco,

750 1657 1041 1722 nuntium
1091 1675 1273 1722 suum
1326 1675 1509 1739 quem
1563 1659 1644 1723 ad
1687 1659 2065 1741 presentiam
2117 1662 2398 1724 nostram
2446 1657 2637 1737 misit,
2692 1674 2835 1729 cum
2885 1655 3085 1721 literis

752 1759 900 1840 suiS,
947 1758 1176 1826 fuimus
1217 1759 1553 1840 informati,
1602 1762 1768 1842 quod
1811 1761 1974 1826 idem
2018 1759 2460 1827 Serenissimus
2507 1761 2659 1839 Rex,
2703 1758 2968 1841 vigilans
3003 1757 3085 1824 ad

752 1860 982 1928 bonum
1040 1865 1105 1926 et
1141 1862 1464 1944 pacificum
1503 1863 1999 1944 christianitatis
2066 1862 2271 1929 fuerat
2328 1881 2467 1930 cum
2527 1861 2933 1928 Serenissimo
2976 1861 3087 1927 do-

753 1964 920 2029 mino
962 1965 1384 2031 Romanorum
1441 1971 1507 2032 et
1557 1965 1880 2049 Hungarie
1938 1967 2126 2049 Rege,
2188 1966 2369 2050 eique
2426 1965 2689 2046 dixerat,
2750 1964 2917 2047 quod
2972 1983 3085 2047 pro

751 2065 914 2132 bono
958 2067 1434 2135 christianitatis
1480 2069 1726 2136 volebat
1767 2088 1834 2136 se
1876 2070 2288 2152 interponere,
2334 2070 2500 2136 inter
2542 2069 2779 2135 dictum
2808 2067 3084 2134 Serenis-

755 2169 980 2235 simum
1015 2170 1334 2236 dominum
1377 2171 1607 2254 Regem
1638 2173 2059 2239 Romanorum
2092 2177 2158 2239 et
2186 2172 2525 2255 Hungarie‚
2573 2176 2639 2237 et
2667 2174 2951 2237 nostrum
2976 2171 3086 2238 do-

755 2271 1032 2353 minium,
1082 2273 1232 2355 quia
1272 2272 1417 2340 boni
1457 2276 1640 2342 amici
1683 2277 1780 2342 sui
1809 2295 2073 2357 eramuS,
2121 2281 2185 2342 et
2228 2275 2433 2342 facere
2472 2280 2768 2358 treuguas
2821 2293 2934 2357 per
2974 2273 3088 2340 ali-

755 2392 910 2456 quos
947 2393 1162 2456 annoS,
1208 2381 1280 2442 ut
1322 2383 1541 2459 postea
1584 2384 1794 2462 posset
1847 2379 2163 2446 Serenitas
2206 2378 2350 2458 Sua,
2413 2378 2579 2444 inter
2622 2378 2825 2460 ipsum
2868 2381 2933 2444 et
2973 2397 3088 2446 nos

752 2476 958 2543 facere
1000 2477 1227 2543 bonam
1270 2497 1501 2561 pacem,
1565 2486 1631 2546 et
1690 2483 1854 2564 quod
1904 2483 2109 2548 dictus
2152 2481 2597 2548 serenissimus
2639 2482 2925 2548 dominus
2962 2481 3088 2548 Ro-

757 2599 1082 2647 manorum
1125 2586 1191 2649 et
1231 2581 1550 2665 Hungarie
1587 2583 1722 2651 Rex
1763 2584 1970 2652 fuerat
2013 2589 2359 2667 contentuS,
2406 2585 2573 2668 quod
2616 2583 2933 2651 Serenitas
2962 2583 3089 2651 Sua

757 2688 924 2750 esset
964 2684 1296 2751 mediatrix
1339 2687 1421 2751 ad
1456 2684 1804 2754 faciendum
1849 2694 2147 2771 treuguas
2189 2689 2355 2754 inter
2397 2692 2626 2770 partes,
2687 2692 2755 2753 et
2799 2688 3089 2754 hortatus

753 2785 875 2853 fuit
919 2805 1031 2853 nos
1074 2787 1238 2855 idem
1281 2788 1568 2855 dominus
1611 2789 1880 2857 Thomas
1924 2810 2001 2856 ex
2037 2796 2217 2872 part-e
2260 2789 2383 2857 Sue
2416 2789 2787 2856 Serenitatis
2829 2796 2904 2856 ut
2944 2791 3091 2857 mit·

757 2894 1030 2958 teremus
1073 2890 1345 2973 aliquem
1389 2911 1466 2957 ex
1509 2893 1740 2959 nostris
1787 2893 1868 2959 ad
1910 2893 2287 2976 presentiam
2333 2911 2513 2958 suam
2556 2910 2745 2959 causa
2787 2894 3088 2976 predicta.

760 2994 894 3073 Qua
935 2993 1339 3077 requisitione
1381 2996 1618 3078 audita,
1672 2995 2148 3063 deliberavimus
2192 3000 2257 3063 te
2296 2996 2547 3062 mittere
2589 2996 2670 3061 ad
2712 2996 3089 3078 presentiam

757 3116 956 3179 suam,
1015 3100 1096 3163 ad
1138 3100 1577 3166 declarandum
1622 3104 1687 3165 et
1731 3100 2197 3166 certificandum
2254 3099 2669 3166 Serenitatem
2717 3097 2906 3166 Suam
2948 3120 3089 3183 pre-

760 3199 992 3266 dictam
1036 3203 1203 3283 quod
1266 3222 1378 3285 per
1437 3204 1717 3285 elapsum
1763 3203 2159 3286 cognovimus
2217 3206 2282 3269 et
2322 3202 2590 3269 vidimus
2636 3202 2871 3268 dictum
2913 3201 3091 3269 Sere-

758 3303 1084 3369 nissimum
1127 3306 1443 3372 dominum
1487 3306 1720 3390 Regem
1762 3313 2007 3389 semper
2045 3305 2240 3373 fuisse
2282 3307 2517 3389 optime
2548 3305 2916 3388 dispositum
2943 3324 3093 3388 erga

759 3410 1043 3473 nostrum
1087 3408 1450 3491 dominium,
1496 3414 1561 3475 et
1605 3410 1722 3477 hoc
1765 3410 2173 3477 effectualiter
2204 3409 2671 3490 demonstravit,
2722 3413 2788 3475 et
2830 3409 2911 3475 ad
2951 3427 3092 3492 pre-

761 3527 905 3575 sens
946 3511 1351 3593 demonstrat,
1397 3529 1512 3595 pro
1557 3531 1682 3594 qua
1716 3512 1878 3579 bona
1906 3511 2251 3577 intentione
2280 3516 2346 3577 et
2372 3512 2776 3594 dispositione
2805 3530 2937 3591 sua,
2984 3511 3093 3579 Se-

760 3614 1016 3679 renitati
1061 3613 1186 3681 Sue
1224 3614 1569 3681 refferimus
1609 3614 1924 3681 uberimas
1966 3613 2243 3681 actiones
2285 3615 2649 3697 gratiarum.
2715 3615 2802 3680 Et
2838 3614 3092 3681 subiun-

757 3734 886 3798 gas,
937 3718 1102 3799 quod
1143 3722 1360 3784 nostra
1401 3718 1740 3784 dominatio
1784 3735 2027 3799 semper
2054 3716 2433 3783 desideravit
2475 3722 2541 3783 et
2582 3717 2911 3799 desiderat,
2953 3737 3093 3785 cum

761 3820 1228 3905 quibuscunque
1271 3820 1627 3887 christianis
1669 3820 1924 3904 pacifice
1965 3821 2191 3902 vivere,
2238 3825 2305 3887 et
2346 3820 2699 3903 specialiter
2745 3839 2886 3886 cum
2924 3821 3093 3887 dicto

762 3923 1167 3990 Serenissimo
1226 3924 1474 3990 domino
1517 3923 1937 3990 Romanorum
1974 3928 2041 3988 et
2079 3922 2401 4006 Hungarie
2442 3923 2628 4005 Rege.
2694 3921 2781 3986 Et
2821 3940 2935 4004 pro
2981 3922 3093 3987 ha-

758 4025 964 4092 benda
1006 4045 1176 4110 pace,
1240 4045 1349 4093 seu
1399 4032 1690 4109 treuguas
1752 4044 1960 4091 secum
2015 4026 2302 4109 quotiens
2361 4026 2711 4091 miserimus
2756 4024 3093 4090 ambassia-

764 4134 931 4196 tores
967 4134 1214 4196 nostros
1256 4129 1335 4195 ad
1378 4128 1656 4195 diversas
1715 4132 1927 4211 partes
1969 4128 2200 4210 mundi,
2256 4127 2571 4194 notorium
2620 4130 2717 4193 est
2760 4124 3095 4192 Serenitati

760 4232 900 4299 Sue.
969 4233 1056 4298 Et
1096 4233 1244 4299 licet
1286 4231 1606 4314 hucusque
1653 4232 1733 4297 ad
1775 4230 2051 4313 aliquam
2099 4230 2573 4311 conclusionem,
2614 4248 2753 4295 cum
2790 4230 2957 4296 dicto
2984 4230 3095 4295 do-

759 4336 926 4407 mino
969 4335 1136 4424 Rege
1179 4335 1602 4403 Romanorum
1644 4352 1770 4403 non
1812 4332 2199 4419 potuerimus
2242 4332 2583 4418 pervenire,
2644 4337 2856 4399 tamen
2906 4331 3091 4399 intel-
