3793 5187
1760 427 2167 529 *⁷2*

1769 717 2152 792 XXXIV.

1191 850 1601 923 Mccccxull.
1645 853 1742 921 die
1781 855 1865 920 vl.
1906 855 2202 922 februari!
2247 857 2439 930 (more
2480 853 2739 932 veneto).

995 1023 1128 1089 Nos
1171 1022 1546 1088 Franciseus
1591 1021 1854 1088 Foscari
1917 1021 2041 1087 Dei
2103 1022 2313 1104 gratia
2380 1022 2509 1087 dux
2545 1021 2959 1088 Venetiamm
3003 1028 3125 1088 etc.

796 1123 1257 1190 committimus
1317 1123 1435 1188 tibi
1494 1123 1709 1188 Nobili
1770 1123 1907 1189 viro
1960 1123 2147 1204 Luce}
2193 1125 2457 1206 georgio
2506 1122 2854 1206 Capitaneo
2903 1129 3123 1190 nostro

797 1223 977 1305 Culfi,
1027 1225 1200 1306 quod
1243 1243 1382 1290 eum
1426 1224 1624 1306 galeis
1663 1224 1901 1290 nostris
1945 1223 2047 1289 hic
2095 1225 2377 1304 armatis,
2420 1225 2486 1290 in
2528 1225 2780 1289 nomine
2810 1224 2959 1290 Iesu
2984 1224 3124 1290 Cri-

792 1328 896 1406 sti‚
944 1332 1011 1391 et
1053 1328 1118 1391 in
1160 1326 1328 1392 bona
1376 1325 1585 1408 gratia
1625 1326 1724 1389 ire
1767 1325 2024 1404 debeaS,
2069 1330 2308 1408 quanto
2358 1324 2625 1390 celerius
2669 1325 2789 1391 tibi
2822 1325 3126 1407 possibile

791 1429 898 1507 sit,
941 1427 1252 1509 Corphoy,
1297 1431 1364 1492 et
1404 1427 1496 1491 illi
1543 1425 1856 1508 Regimini
1898 1431 2275 1507 presentare
2318 1425 2553 1492 debeas
2594 1426 2821 1492 literas
2870 1432 3123 1492 nostras

795 1531 853 1593 ei
900 1529 1292 1607 dirreotivas,
1356 1545 1516 1608 quas
1571 1527 1690 1592 tibi
1735 1525 1999 1592 fecimus
2062 1527 2392 1609 assignari,
2454 1527 2618 1592 Nam
2670 1527 2967 1594 iussimus
3008 1545 3123 1610 per

791 1629 996 1710 ipsum
1046 1629 1354 1710 Regimen
1397 1626 1780 1709 recuperari,
1827 1634 1894 1692 et
1936 1627 2056 1693 tibi
2095 1627 2232 1694 dari
2263 1628 2555 1694 denarios
2582 1629 2978 1696 necessarios
3006 1647 3121 1710 pro

790 1735 1025 1813 quarta
1071 1748 1240 1814 paga
1283 1730 1496 1795 danda
1538 1729 1735 1812 galeis
1780 1728 2245 1811 suprascriptis.

990 1848 1217 1914 Eundo
1262 1854 1494 1929 autem,
1555 1848 1785 1930 deponi
1844 1847 2055 1915 facere
2102 1849 2339 1914 debeas
2383 1853 2495 1914 aut
2535 1849 2601 1913 in
2642 1847 2945 1931 Ragnsio‚
3010 1853 3123 1913 aut

789 1952 872 2017 ad
907 1952 1214 2016 Boianam
1263 1953 1780 2033 circumspectum
1844 1951 2255 2017 secretarium
2320 1955 2605 2016 nostrum
2648 1949 2992 2015 Iohannem
3037 1949 3116 2014 de

787 2052 1208 2135 reguardatis‚
1268 2053 1378 2132 qui
1447 2057 1547 2117 est
1609 2070 1751 2119 cum
1809 2044 1997 2118 dictis
2040 2053 2259 2134 galeis,
2328 2053 2675 2118 amittendo
2720 2050 3115 2132 quamminus

785 2154 1093 2235 temporis
1136 2153 1442 2235 possibile
1485 2154 1587 2219 sit.

987 2255 1061 2319 In
1125 2253 1420 2337 Gorphoy
1484 2254 1830 2320 solicitabis
1898 2273 2039 2320 cum
2103 2254 2329 2320 Baiulo
2388 2260 2608 2321 nostro
2675 2253 2829 2320 dare
2894 2273 3117 2338 supra-

787 2356 1090 2437 scriptam
1155 2373 1385 2438 pagam
1447 2360 1740 2439 quartam
1805 2355 1888 2420 ad
1950 2356 2282 2437 tornesioS,
2342 2355 2479 2420 sive
2542 2355 2623 2420 ad
2665 2357 2947 2439 precium
2992 2375 3118 2438 quo

789 2461 1006 2522 curret
1048 2456 1315 2524 ducatus
1373 2457 1456 2522 ad
1515 2455 1854 2536 tornesioS,
1920 2455 2008 2522 Et
2051 2457 2219 2524 insta
2272 2462 2346 2522 ut
2406 2457 2565 2523 illud
2625 2458 2935 2540 Regimen
2978 2475 3119 2524 cum

789 2560 958 2625 omni
1001 2558 1330 2641 diligentia
1363 2557 1653 2641 possibili
1697 2557 1931 2623 armari
1972 2556 2167 2625 faciat
2203 2557 2449 2641 galeam
2476 2576 2677 2640 suam,
2724 2577 2851 2643 que
2880 2563 3117 2642 quanto

785 2659 970 2725 citius
1013 2660 1314 2741 possibile
1357 2660 1461 2740 sit,
1507 2664 1574 2725 te
1619 2664 1942 2741 sequatur,
1974 2660 2098 2725 'Et
2140 2660 2197 2725 si
2238 2658 2405 2725 sorte
2458 2662 2521 2726 ei
2564 2660 2934 2727 defficerent
2978 2678 3115 2727 sar-

783 2762 890 2841 tie,
952 2761 1052 2827 vel
1105 2760 1278 2826 aliud
1339 2761 1613 2843 accipiat
1675 2761 1832 2827 illud
1874 2763 2155 2845 regimen
2205 2779 2456 2843 queque
2491 2764 2851 2829 necessaria
2892 2781 2932 2828 a
2976 2764 3115 2845 qui-

783 2862 1171 2943 buscumque
1215 2880 1294 2928 ea
1334 2863 1732 2943 habentibus,
1801 2869 1868 2929 et
1924 2863 2109 2929 nobis
2154 2863 2413 2943 scribat,
2475 2866 2771 2945 quoniam
2816 2865 3114 2946 provide-

785 2964 990 3030 bimus
1037 2964 1120 3029 ad
1163 2964 1632 3031 satisfacionem
1677 2965 1777 3030 vel
1819 2962 2165 3044 emendam,
2214 2963 2301 3030 Et
2343 2966 2601 3046 insuper
2631 2966 2867 3031 debeas
2896 2982 3114 3045 quam-

780 3066 1052 3146 primum
1115 3066 1498 3148 applicueris
1570 3065 1885 3149 Corphoy,
1934 3065 2203 3131 solicite
2257 3084 2375 3147 per
2438 3066 2605 3131 viam
2666 3066 2923 3132 Austrie
2982 3066 3115 3133 sive

782 3167 1076 3247 Patrasii‚
1131 3168 1234 3233 vel
1281 3168 1468 3233 aliam
1513 3168 1698 3247 viam,
1764 3185 1880 3248 per
1928 3171 2165 3231 terram
2223 3168 2480 3233 mittere
2522 3167 2957 3249 Regiminibus
2996 3167 3111 3232 Ni-

781 3268 1111 3350 gropontis
1157 3273 1224 3333 et
1265 3268 1568 3349 Neapolis
1611 3268 1921 3333 Romanie
1952 3266 2153 3333 'unam
2194 3286 2450 3334 manum
2492 3268 2821 3334 literarum
2862 3273 3112 3335 nostra-

779 3388 922 3433 rum
967 3368 1085 3435 tibi
1128 3369 1612 3450 assignatarum,
1659 3375 1725 3435 et
1767 3373 1839 3434 tu
1869 3371 2062 3435 etiam
2094 3370 2185 3435 eis
2216 3370 2440 3450 scribe,
2486 3374 2559 3435 ut
2588 3369 3113 3451 quemadmodum

782 3470 876 3537 eis
919 3470 1317 3552 iniungimus,
1359 3471 1640 3552 ipsorum
1683 3472 2011 3553 quodlibet
2050 3476 2255 3536 armet
2297 3472 2545 3552 galeam
2590 3489 2787 3551 suam,
2840 3476 2906 3536 et
2936 3470 3109 3552 quod

779 3572 891 3636 illa
933 3572 1238 3653 Neapolis
1301 3572 1596 3637 mittatur
1659 3590 1798 3637 cum
1862 3572 2261 3638 solicitudine
2307 3572 2786 3653 Nigropontem‚
2856 3573 2937 3636 ad
3000 3588 3111 3637 ex—

780 3673 1161 3755 pectandum
1204 3678 1288 3754 te,
1337 3678 1404 3738 et
1440 3673 1613 3753 quod
1649 3674 1760 3737 illa
1797 3672 2213 3755 Nigropontis
2244 3674 2435 3739 etiam
2464 3672 2643 3739 sitin
2676 3672 2948 3755 appulsu
2976 3677 3111 3752 tu0,

779 3774 862 3839 ad
906 3792 1049 3840 eum
1092 3775 1299 3839 locum
1343 3775 1409 3840 in
1455 3774 1691 3841 ordine.

985 3874 1072 3940 Et
1108 3875 1502 3957 expediendo
1533 3880 1599 3940 te
1629 3892 1771 3940 cum
1798 3875 1909 3941 illa
1936 3875 2163 3941 minori
2192 3875 2591 3941 ammissione
2619 3875 2943 3957 temporis,
2988 3892 3110 3957 que

776 3975 1096 4059 possibilis
1138 3978 1241 4057 sit,
1288 3977 1368 4043 de
1398 3976 1692 4059 Corphoy
1725 3976 2035 4043 accellera
2062 3977 2229 4043 viam
2256 3981 2435 4042 tuam
2463 3996 2685 4045 versus
2711 3976 3106 4043 Mothonum.
3174 4034 3189 4045 .

980 4078 1067 4144 Et
1114 4078 1170 4144 si
1213 4079 1278 4143 in
1321 4078 1625 4145 Mothono
1671 4078 1842 4144 volet
1893 4097 2225 4144 remanere
2273 4079 2858 4145 Reverendissimus
2907 4078 3107 4143 domi-

778 4197 896 4245 nus
943 4180 1299 4245 Cardinalis
1345 4180 1590 4259 Russie‚
1638 4181 1746 4260 qui
1783 4197 1977 4262 super
2020 4179 2117 4245 his
2157 4179 2356 4261 galeis
2389 4186 2505 4261 est,
2552 4200 2692 4245 eum
2723 4180 2811 4245 ibi
2842 4179 3107 4261 depone,

785 4286 850 4351 et
895 4302 974 4348 ex
1019 4282 1189 4349 dicto
1257 4282 1397 4349 loco
1465 4281 1755 4347 Mothoni
1823 4280 2027 4349 scribe
2096 4282 2528 4365 Regiminibus
2582 4282 2995 4365 Nigropontis
3043 4286 3109 4346 et
