3793 5187
1804 441 1881 502 19

678 647 843 713 xime
886 645 1053 729 quod
1098 643 1384 710 dominus
1424 643 1558 710 Rex
1594 643 1865 724 Polonie,
1913 661 2038 708 non
2080 660 2148 708 se
2188 659 2434 708 movere
2475 639 2660 705 debet
2707 639 2839 705 sinc
2881 655 3011 701 ma-

679 769 803 834 gna
865 749 1238 828 intentione,
1304 746 1539 812 habens
1598 765 1918 813 assensum
1982 745 2216 810 domini
2273 743 2462 826 Regis
2525 742 2879 826 Hungarie,
2947 743 3013 803 et

682 853 849 935 quod
914 853 1104 944 etiam
1164 852 1407 917 noviter
1464 851 1643 916 nobis
1703 849 2116 932 significastis,
2178 852 2486 913 oratorem
2539 847 2775 928 regium
2819 846 3014 910 Rome

684 955 1071 1034 existentem,
1136 955 1387 1020 mittere
1450 973 1642 1019 unum
1706 973 1885 1019 suum
1939 954 2229 1019 nuncium
2291 952 2356 1016 in
2426 951 2831 1033 Hungariam,
2899 965 3014 1030 pro

686 1059 1020 1126 obtinendo
1065 1078 1257 1124 unum
1300 1058 1673 1123 sindicatum
1712 1058 1774 1123 in
1821 1057 2108 1140 ampliori
2150 1055 2348 1120 forma
2390 1073 2576 1136 quam
2607 1053 2853 1132 habeat,
2899 1068 3012 1132 per

683 1181 867 1245 quem
894 1162 1203 1228 nuncium
1248 1161 1443 1226 videri
1473 1161 1707 1243 poterit
1733 1160 1972 1239 melius,
2019 1165 2083 1224 et
2122 1158 2557 1241 comprehendi
2585 1157 2850 1223 intentio
2894 1155 3014 1220 Re-

680 1266 777 1348 gis
844 1266 1178 1348 Hungarie,
1248 1264 1700 1329 deliberavibus
1755 1282 1865 1346 pro
1941 1263 2051 1328 tali
2115 1261 2519 1344 requisitione
2585 1259 2750 1325 facta
2814 1258 3009 1337 nobis,

684 1369 913 1452 eligere
955 1372 1020 1433 et
1052 1367 1303 1432 mittere
1347 1368 1501 1433 duos
1544 1372 1792 1432 nostros
1836 1366 2142 1431 solemnes
2182 1367 2461 1429 oratores
2505 1361 2888 1445 profecturos
2931 1361 3009 1426 de

691 1471 860 1536 brevi
906 1472 987 1536 ad
1031 1470 1231 1535 dictas
1272 1475 1503 1551 parteS,
1562 1474 1636 1535 ut
1689 1473 1991 1552 appareat
2053 1473 2118 1533 et
2181 1466 2576 1532 manifestum
2637 1466 2721 1530 sit
2763 1463 3012 1542 mundo,

684 1574 850 1656 quod
893 1593 1034 1656 pax,
1082 1577 1146 1638 et
1194 1573 1587 1638 concordium
1630 1592 1753 1638 non
1797 1571 2045 1638 deficiat
2087 1590 2202 1654 pro
2246 1575 2460 1636 nostro
2503 1569 2791 1635 dominic.
2857 1566 3017 1645 Quid

690 1683 903 1744 autem
946 1677 1121 1759 sequi
1165 1676 1380 1759 possit,
1425 1675 1541 1742 hoc
1566 1682 1663 1742 est
1704 1676 1770 1740 in
1813 1675 2216 1757 dispositione
2257 1673 2392 1738 Dei.
2453 1671 2576 1739 Sed
2621 1677 2844 1751 tamen,
2904 1687 3015 1751 pro

689 1781 857 1846 omni
901 1781 1061 1845 bono
1106 1784 1392 1862 respectu
1434 1784 1498 1844 et
1542 1778 1958 1845 declaratione
1999 1779 2090 1843 rei
2133 1777 2437 1842 voluimus
2490 1774 2607 1841 hoc
2655 1773 2861 1840 subito
2911 1791 3016 1836 vo—

686 1883 783 1949 bis
822 1881 1185 1966 significare,
1232 1881 1584 1946 mandando
1628 1881 1917 1946 fidelitati
1945 1886 2167 1958 vestre,
2211 1884 2285 1944 ut
2312 1880 2390 1945 de
2418 1877 2711 1960 predictis
2741 1875 3012 1941 Sanctis-

688 1986 847 2051 simo
908 2003 1147 2051 summo
1200 1983 1485 2049 Pontifici
1545 1983 1842 2049 noticiam
1884 1983 2065 2049 (letis.
2151 1983 2252 2048 Ita
2306 1982 2471 2065 quod
2523 1982 2600 2047 de
2655 1980 2858 2046 causis
2901 1997 3016 2044 nos

691 2087 1102 2166 moventibuS,
1148 2090 1467 2151 remaneat
1531 2084 1918 2166 informatae,
1988 2089 2196 2168 potest
2259 2089 2470 2150 autem
2535 2083 2668 2166 ipse
2731 2081 3015 2148 dominus

694 2189 865 2272 Papa
907 2187 1170 2253 firmiter
1228 2187 1639 2268 considerare,
1702 2189 1867 2270 quod
1933 2192 2130 2253 totam
2193 2205 2365 2270 spem
2429 2191 2707 2251 nostram
2775 2203 3018 2266 semper

694 2291 1024 2356 habuimus
1067 2297 1132 2355 et
1174 2290 1472 2356 habemus
1514 2290 1581 2356 in
1624 2291 2013 2357 clementiam
2057 2308 2248 2370 suam,
2296 2294 2361 2356 et
2402 2295 2534 2354 tam
2570 2290 2647 2355 de
2689 2287 3018 2370 interposi—

696 2395 863 2459 tione
910 2413 1042 2474 sua,
1088 2393 1153 2459 in
1197 2393 1470 2475 presenti
1513 2395 1760 2476 negotio
1804 2399 2038 2471 nostr0,
2085 2394 2150 2457 in
2180 2411 2301 2475 quo
2326 2393 2618 2475 dignatus
2662 2395 2758 2456 est
2785 2391 3020 2454 intrare

690 2501 757 2562 et
791 2515 944 2577 esse,
989 2515 1177 2579 quam
1208 2496 1275 2561 in
1298 2495 1591 2580 ,omnibus
1622 2496 1779 2576 aliis,
1812 2496 1874 2560 in
1909 2494 2132 2576 quibus
2163 2493 2420 2559 haberet
2449 2512 2631 2576 agere
2654 2498 2719 2558 et
2746 2496 3020 2557 tractare

691 2619 803 2683 pro
844 2605 1059 2665 nostro
1116 2600 1387 2666 dominio
1444 2598 1729 2665 fidelibus
1788 2600 2026 2665 devotis
2087 2598 2312 2665 Sancte
2363 2597 2589 2663 Matris
2631 2596 2907 2661 Ecclesie
2950 2598 3020 2660 et
3127 2620 3136 2627 ·

692 2708 757 2768 et
790 2722 901 2769 sue
944 2703 1301 2786 Apostolice
1343 2701 1730 2768 SanctitatiS.

998 2806 1093 2871 De
1136 2810 1315 2888 parte
1416 2808 1553 2869 113.

995 2909 1090 2974 De
1132 2928 1257 2974 non
1500 2913 1559 2973 8.

996 3011 1093 3076 De
1135 3010 1360 3077 sinceri
1501 3013 1559 3073 3.

1166 3144 1406 3199 Arche'vio
1446 3144 1505 3198 cla·
1536 3142 1691 3197 Slato
1726 3144 1781 3197 in
1828 3141 2064 3197 Venetia.

768 3230 1235 3301 (Deliberazioni
1272 3232 1493 3285 Senato
1532 3230 1787 3299 Secreto,
1824 3228 1974 3298 Reg.
2009 3227 2058 3295 5,
2097 3230 2257 3281 carte
2297 3227 2362 3279 12
2392 3222 2483 3295 t0ss)

1756 3623 1982 3701 ΧΠῘ.

1380 3764 1723 3834 Μοοοοκιι.
1768 3763 1865 3830 die
1908 3763 2062 3831 xvu.
2113 3760 2338 3845 Aprilis.

1106 3936 1326 4019 Capta.

907 4041 1040 4106 Nos
1079 4040 1346 4106 Michael
1390 4038 1581 4105 Steno
1627 4038 1746 4105 Dei
1780 4036 1984 4121 gratia
2030 4036 2174 4100 Dux
2217 4034 2627 4099 Venetiamm
2671 4035 2787 4097 etc.
2856 4028 3036 4094 Com-

706 4146 1013 4210 mittimus
1056 4142 1230 4208 vobis
1272 4142 1582 4208 nobilibus
1624 4142 1775 4207 viris
1806 4140 2042 4205 Thome
2077 4136 2403 4219 Mozenigo
2431 4132 2821 4218 procuratori
2849 4132 3039 4197 eccle-

704 4248 795 4313 sie
839 4246 1053 4312 Sancti
1094 4244 1294 4310 Marci
1338 4250 1403 4311 et
1444 4244 1716 4309 Antonio
1762 4242 2126 4308 Contareno
2181 4239 2424 4305 dilectis
2473 4242 2539 4302 et
2579 4234 3042 4301 honorabilibus

700 4349 935 4416 civibus
982 4349 1215 4415 nostris
1258 4348 1423 4431 quod
1467 4348 1531 4412 in
1573 4346 1736 4411 bona
1776 4346 1989 4428 gratia
2045 4342 2323 4410 debeatis
2367 4342 2458 4407 ire
2500 4339 2699 4407 nostri
2741 4338 3043 4403 solemnes

2633 4457 2717 4512 2*
