3793 5187
1880 598 2004 666 168

745 801 987 868 domini
1050 801 1259 886 RegiS,
1328 802 1629 886 religione
1696 804 2036 870 sanctitate
2099 809 2167 870 et
2231 805 2299 871 in
2363 824 2479 872 nos
2541 805 2969 875 benivolentia
3035 815 3102 876 et

746 923 958 971 amore
1001 904 1177 970 illam
1218 923 1463 987 semper
1504 904 1783 986 fecimuS,
1848 905 2206 990 facturique
2265 915 2568 992 perpetuo
2625 929 2838 977 sumus
2883 911 3100 978 existi-

746 1008 1084 1072 mationem
1128 1025 1317 1089 quam
1362 1026 1473 1073 sue
1514 1008 1860 1089 pereximie
1923 1012 1990 1074 et
2031 1011 2200 1092 regie
2257 1011 2514 1094 exigunt
2567 1014 2978 1096 condicioneS‚
3033 1019 3100 1081 et

746 1109 951 1174 multa
996 1127 1351 1192 magnaque
1392 1110 1458 1174 in
1502 1127 1617 1176 nos
1660 1110 1893 1176 merita
1937 1113 2211 1195 exigunt.

992 1210 1093 1276 De
1133 1215 1315 1292 parte
1398 1211 1537 1276 170.

983 1313 1079 1378 De
1124 1330 1249 1377 non
1482 1316 1544 1378 0.

988 1415 1133 1481 Non
1172 1413 1391 1481 linceri
1480 1418 1541 1480 0.

1080 1550 1344 1619 (Archivio
1379 1550 1439 1604 di
1470 1550 1625 1606 Scato
1671 1550 1936 1622 Venezr‘a).

804 1635 1235 1692 Deliberazioni
1273 1635 1483 1691 Senatu
1520 1636 1753 1700 Secreti‚
1786 1655 1906 1709 reg.
1947 1637 2014 1692 27
2051 1655 2096 1692 c.
2135 1639 2253 1694 120.

1726 1930 2067 2008 LXXII.

1125 2082 1587 2150 mcccckxxvl.
1638 2084 1735 2152 die
1780 2085 1847 2152 Χ.
1884 2087 2142 2153 Ianuarii
2186 2085 2386 2170 (more
2429 2086 2695 2162 veneto).

936 2250 1109 2328 Quod
1172 2249 1427 2317 Oratori
1486 2249 1882 2320 Serenissimi
1943 2254 2177 2321 domini
2234 2256 2402 2340 regis
2461 2255 2718 2322 Polonie
2777 2255 3080 2322 nonnulla.

730 2353 1061 2436 replicanti
1124 2355 1288 2421 circa
1350 2359 1688 2439 utrumque
1730 2357 2133 2423 Tartarorum
2181 2359 2424 2425 scilicet
2465 2363 2530 2424 et
2587 2358 2973 2424 indutiarum
3017 2360 3082 2424 in

732 2455 897 2522 hunc
940 2456 1193 2523 modum
1237 2457 1481 2524 debeat.

921 2559 1095 2639 Quod
1112 2561 1178 2627 in
1195 2565 1462 2643 utroque
1476 2561 1725 2645 negotio
1743 2560 1823 2627 ab
1842 2562 2014 2629 illius
2028 2561 2496 2646 Magnificencia
2509 2562 2830 2646 proposito
2850 2564 3080 2632 erimus

736 2660 1051 2729 breviores
1094 2665 1387 2745 quoniam
1426 2664 1584 2729 satis
1619 2664 1916 2731 distincte
1955 2665 2186 2748 duplici
2209 2671 2427 2732 nostra
2454 2667 2856 2749 responsione
2885 2668 2944 2732 ei
2973 2669 3078 2733 de-

734 2765 1106 2831 claravimus
1147 2770 1427 2832 nostram
1450 2768 1806 2849 opinionem
1831 2771 1898 2833 et
1915 2774 2206 2835 mentem.
2239 2770 2326 2834 Et
2347 2774 2650 2851 quantum
2675 2770 2756 2835 ad
2778 2769 3076 2837 Tartaros

722 2869 1001 2950 pertinet
1013 2869 1089 2935 de
1107 2887 1371 2951 quorum
1390 2872 1666 2936 adventu
1684 2870 1746 2936 id
1764 2872 2192 2939 existimamus
2214 2892 2338 2955 que
2350 2872 2524 2955 τῦφε,
2536 2872 2842 2939 Maiestas
2861 2872 3076 2938 existi-

727 2972 941 3051 mavit,
954 2971 1301 3037 scribemus
1316 2972 2101 3040 nihilominusadnostrum
2122 2972 2537 3040 Secretarium
2551 2975 2619 3040 in
2637 2974 2878 3041 Polana
2898 2976 3076 3041 iuxta

728 3074 1003 3139 eiusdem
1048 3075 1316 3141 oratoris
1357 3082 1916 3141 memoramentum
1959 3082 2034 3141 ut
2075 3076 2287 3142 omnia.
2327 3082 2477 3159 agat
2517 3078 2685 3144 circa
2728 3078 3073 3160 practicam

726 3176 904 3242 illam
948 3196 1089 3243 cum
1144 3177 1407 3243 scientia
1450 3178 1619 3260 regie
1658 3178 2017 3244 Maiestatis
2075 3184 2376 3260 vacetque
2437 3180 2608 3245 omni
2663 3180 3072 3267 circumspec-

716 3280 893 3345 tione
938 3282 1005 3345 et
1047 3280 1305 3345 solertia
1345 3280 1428 3345 ad
1470 3280 1908 3346 declinandum
1961 3286 2027 3346 et
2083 3280 2442 3363 fugiendum
2499 3300 2683 3347 omne
2723 3283 3070 3365 periculum

721 3387 788 3449 et
832 3381 1225 3447 incomodum
1270 3383 1439 3465 quod
1483 3402 1523 3449 a
1565 3384 1846 3465 practica
1889 3384 2031 3465 ipsa
2077 3383 2274 3449 statui
2336 3384 2512 3467 regio
2557 3385 2812 3467 suisque
2857 3386 3069 3451 subdi-

722 3483 807 3548 tis
850 3488 1066 3566 posset
1102 3482 1413 3561 obvenire,
1468 3489 1681 3550 tamen
1734 3486 2228 3552 incolumitatem
2295 3488 2562 3569 gloriam
2634 3491 2699 3552 et
2741 3487 3068 3552 exaltatio·

718 3604 865 3651 nem
911 3605 1040 3652 non
1084 3604 1265 3653 secus
1307 3605 1383 3652 ac
1426 3588 1749 3670 proprium
1792 3593 2176 3671 reputamus.

925 3688 1025 3754 De
1071 3690 1335 3755 indutiis
1378 3691 1791 3773 prorogandis
1849 3691 2313 3774 Magnificencie
2367 3712 2482 3759 sue
2539 3692 2749 3757 omnia
2790 3692 3066 3759 declara-

716 3789 921 3855 vimus
966 3810 1089 3874 que
1130 3810 1245 3874 per
1286 3809 1404 3857 nos
1441 3792 1744 3875 singulari
1812 3793 2022 3859 studio
2092 3799 2430 3877 procurata
2473 3799 2644 3874 sunt,
2711 3799 2778 3860 et
2817 3796 3068 3862 assidue

721 3898 1157 3974 procurantur.
1205 3894 1293 3959 Et
1336 3895 1603 3977 cognitis
1646 3914 1759 3977 per
1800 3895 1971 3961 illius
2011 3897 2457 3979 expositionem
2499 3896 2626 3961 illis
2679 3896 2922 3963 duobus
2963 3918 3066 3964 ar-

716 3994 932 4061 ticulis
978 4013 1119 4061 cum
1163 3996 1389 4079 quibus
1432 4002 1651 4080 posset
1692 4000 2057 4081 prorogatio
2115 3999 2501 4065 indutiarum
2549 3998 2802 4065 admitti
2845 4004 2912 4065 et
2955 4000 3064 4066 fir-

710 4100 871 4164 mari
931 4118 1186 4181 operam
1249 4098 1535 4166 dabimus
1592 4106 1666 4166 ut
1730 4105 1946 4167 orator
2014 4105 2248 4182 noster,
2312 4106 2521 4183 preter
2583 4102 2935 4183 generalem
2997 4108 3062 4169 et

710 4206 1072 4267 consuetam
1116 4202 1472 4268 suasionem
1516 4207 1581 4268 et
1624 4202 2082 4269 solicitudinem
2125 4202 2470 4270 adhibitam
2515 4208 2822 4270 memoret
2867 4205 3060 4272 etiam

707 4303 930 4370 dextro
975 4310 1041 4370 et
1084 4304 1474 4371 convenienti
1517 4306 1701 4371 modo
1744 4311 1970 4388 querat
2012 4312 2079 4373 et
2139 4305 2446 4373 indefesse
2507 4312 2806 4389 procuret
2853 4311 2921 4373 et
2963 4309 3058 4374 in-

702 4410 839 4471 stet
881 4408 1133 4473 nomine
1177 4412 1395 4474 nostro
1440 4413 1513 4474 ut
1556 4408 1623 4473 in
1666 4414 1935 4492 utroque
1981 4410 2150 4493 regie
2181 4408 2602 4475 Sublimitatis
2630 4408 2893 4475 Polonie
2921 4430 3056 4476 mos

699 4513 977 4591 geratur.
1070 4508 1381 4577 Videlicet
1425 4514 1696 4578 oratoris
1738 4512 1942 4578 nostri
1987 4512 2412 4595 operationem
2457 4517 2523 4577 et
2563 4512 2864 4593 studium,
2913 4532 3056 4579 ora-
