3793 5187
1924 401 1969 464 4

781 603 859 668 de
900 607 1120 686 questo
1176 602 1230 669 si
1289 603 1530 670 solicito
1585 623 1698 686 per
1756 609 1822 671 to
1877 605 2072 671 letere
2124 604 2283 670 farlo
2340 603 2669 670 manifesto
2722 603 2827 669 ala
2882 607 3099 670 nostra

783 705 1074 788 signoria.

1084 809 1179 876 De
1221 815 1400 893 parte
1525 814 1624 876 61.

1083 912 1179 978 De
1220 931 1346 978 non
1561 918 1618 978 9.

1085 1014 1226 1080 Non
1270 1014 1495 1081 sinceri
1563 1019 1620 1080 7.

1223 1133 1465 1188 Arclubio
1500 1133 1559 1188 de·
1590 1132 1743 1188 Scato
1778 1135 1831 1188 in
1879 1133 2119 1188 Venetia.
2460 1169 2465 1172 -

854 1217 1318 1282 (Deliberazioni
1354 1219 1572 1275 Senato
1612 1218 1868 1289 Secreto,
1904 1217 2055 1290 Reg.
2090 1219 2139 1288 4,
2180 1223 2342 1274 carte
2382 1219 2521 1289 196.)

1877 1493 2023 1570 ΠΙ.

1414 1631 1735 1702 ΜΟΒΒΒΧΙ.
1779 1633 1873 1700 die
1917 1633 2069 1703 ΧΙΙΙΙ.
2113 1631 2467 1716 ianuar-lif)

984 1803 1144 1881 Quia
1201 1803 1463 1869 nuncius
1521 1804 1630 1886 qui
1686 1804 1857 1868 venit
1914 1805 1996 1869 ad
2058 1805 2434 1886 presentiam
2482 1801 2681 1868 nostri
2738 1800 2996 1867 dominii
3038 1820 3115 1866 ex

783 1910 964 1987 parte
990 1905 1179 1988 Regis
1207 1906 1488 1986 Polanie,
1527 1906 1692 1971 inter
1720 1906 1848 1971 alia
1873 1906 2157 1988 exposita
2184 1912 2399 1972 nostro
2429 1904 2719 1984 dominio,
2753 1903 2912 1970 dixit
2954 1905 3120 1986 quod

783 2007 837 2071 si
878 2007 1146 2074 intentio
1187 2009 1385 2074 nostri
1423 2008 1681 2073 dominii
1723 2014 1820 2073 est
1863 2010 1941 2075 de
1982 2008 2261 2075 faciendo
2293 2027 2431 2074 cum
2462 2008 2627 2073 dieto
2657 2007 2826 2090 Rege
2868 2008 3116 2073 domino

783 2128 895 2175 suo
946 2110 1151 2193 ligam,
1199 2110 1390 2176 habet
1432 2111 1619 2176 etiam
1675 2111 1801 2176 alia
1842 2111 2061 2178 dicere.
2139 2112 2225 2178 Et
2265 2111 2494 2177 bonum
2538 2111 2661 2177 imo
2706 2111 3117 2176 necessarium

783 2211 867 2278 sit
897 2215 1224 2280 extrahere
1265 2233 1305 2280 a
1347 2215 1514 2281 dieto
1553 2215 1797 2296 nuncio,
1847 2216 1900 2279 si
1944 2215 2077 2281 fieri
2120 2220 2343 2298 potest,
2391 2216 2469 2281 de
2516 2214 2858 2281 intentione
2887 2213 3120 2280 domini

782 2313 900 2381 sui.
979 2315 1173 2380 Vadit
1216 2335 1381 2398 pars,
1445 2317 1609 2398 quod
1663 2318 2113 2399 respondeatur
2170 2318 2336 2383 dicto
2389 2317 2633 2396 nuncio,
2700 2317 2865 2399 quod
2906 2335 3119 2392 sumus

779 2416 1072 2498 dispositi
1109 2418 1316 2483 venire
1345 2418 1424 2483 ad
1456 2419 1643 2500 ligam
1672 2437 1810 2484 cum
1841 2418 2009 2485 dicto
2040 2418 2443 2485 Serenissimo
2472 2420 2660 2502 Rege,
2707 2418 2954 2484 domino
2983 2437 3113 2485 su0.

779 2518 867 2583 Et
910 2523 1241 2602 propterea
1277 2520 1330 2585 si
1370 2520 1506 2586 vult
1549 2520 1761 2604 aliqua
1803 2521 2008 2587 dicere
2056 2540 2243 2606 super
2283 2522 2419 2603 hoc,
2465 2525 2673 2604 potest
2714 2521 2919 2587 dicere
2948 2521 3119 2605 quic-

778 2622 928 2705 quid
977 2622 1097 2688 sibi
1139 2623 1374 2706 plaeet;
1420 2625 1570 2707 quia
1608 2624 1725 2690 sibi
1767 2624 2061 2691 faciemus
2098 2625 2269 2691 illam
2312 2625 2789 2708 responsionem,
2835 2642 2957 2707 que
2998 2625 3120 2690 erit

778 2726 1149 2791 conveniens
1215 2730 1280 2793 et
1322 2726 1600 2793 honesta.
1696 2726 1934 2793 Habita
1992 2733 2202 2795 autem
2268 2728 2612 2795 intentione
2676 2727 2828 2793 dicti
2886 2727 3115 2808 nuncii,

778 2832 997 2909 postea
1057 2829 1340 2895 venietur
1401 2830 1477 2895 ad
1541 2830 1706 2896 istud
1750 2830 2093 2912 consilium,
2160 2836 2225 2897 et
2280 2830 2707 2913 providebitur
2747 2830 2824 2895 de
2867 2847 3119 2912 respon-

786 2930 988 2995 dendo
1017 2929 1265 2997 domino
1294 2931 1450 3015 Regi
1478 2931 1750 3013 Polanie,
1786 2934 2034 2999 domino
2064 2953 2194 3015 suo,
2234 2940 2347 3000 aut
2376 2953 2487 3017 per
2515 2934 2677 2998 viam
2707 2932 2858 2998 dicti
2887 2931 3117 3012 nuncii,

777 3037 895 3097 aut
955 3050 1068 3113 per
1110 3031 1276 3099 viam
1319 3032 1490 3099 Petri
1535 3034 1905 3117 BicharanO,
1965 3040 2077 3101 aut
2128 3054 2239 3119 per
2296 3036 2483 3102 aliam
2540 3036 2722 3118 viam,
2783 3038 2969 3119 prout
3012 3034 3118 3099 isti

778 3153 892 3200 eon
906 3136 1044 3201 silio
1091 3136 1311 3202 melius
1358 3142 1423 3202 et
1465 3138 1682 3204 utilius
1719 3138 2064 3222 apparebit.

1223 3254 1462 3309 Archivio
1497 3254 1556 3309 ἀι·
1589 3255 1742 3310 Slato
1773 3256 1828 3310 in
1875 3256 2113 3311 Venetia.

849 3337 1314 3408 (Deliberazioni
1350 3340 1567 3397 Senato
1607 3340 1862 3411 Secreto,
1900 3340 2049 3412 Reg.
2083 3342 2133 3409 4,
2171 3346 2333 3397 earte
2368 3340 2514 3413 230.)

1883 3616 2019 3692 IV.

1432 3752 1752 3822 ΜΟΟΟΟΧΙ.
1795 3753 1890 3822 die
1927 3756 2037 3822 Χν.
2082 3752 2466 3837 Ianuarii.**)

993 3920 1148 3988 Cum
1180 3924 1595 4007 comparuerit
1623 3924 1702 3989 ad
1731 3929 2011 3990 nostram
2041 3926 2417 4008 presentiam
2447 3942 2607 3989 unus
2637 3922 2899 3989 nuncius
2929 3920 3108 3987 Sere·

771 4022 1024 4089 nissimi
1067 4025 1300 4089 domini
1338 4024 1525 4109 Regis
1556 4026 1804 4109 Polane,
1851 4032 1916 4093 et
1957 4028 2136 4095 nobis
2178 4027 2625 4112 presentaverit
2669 4026 2915 4092 litteras
2956 4025 3108 4090 dieti

992 4228 1053 4301 ff)
1123 4228 1288 4285 More
1323 4235 1540 4287 veneto
1575 4249 1612 4287 a
1647 4232 1798 4304 wiee
1839 4234 1899 4285 14
1938 4232 2215 4305 Styeznia
2258 4234 2406 4289 1412.

961 4317 1044 4385 Ι*“··)
1113 4314 1278 4371 More
1327 4322 1561 4374 veneto.
