<?xml version="1.0" encoding="UTF-8"?>
<!DOCTYPE html PUBLIC "-//W3C//DTD XHTML 1.0 Transitional//EN"
    "http://www.w3.org/TR/xhtml1/DTD/xhtml1-transitional.dtd">
<html xmlns="http://www.w3.org/1999/xhtml" xml:lang="en" lang="en">
 <head>
  <title>
</title>
<meta http-equiv="Content-Type" content="text/html;charset=utf-8" />
  <meta name='ocr-system' content='tesseract 3.04.00' />
  <meta name='ocr-capabilities' content='ocr_page ocr_carea ocr_par ocr_line ocrx_word'/>
</head>
<body>
  <div class='ocr_page' id='page_1' title='image "./fontesrerumpolo00unkngoog_0162.png"; bbox 0 0 3793 5187; ppageno 0'>
   <div class='ocr_carea' id='block_1_1' title="bbox 1791 660 1917 726">
    <p class='ocr_par' dir='ltr' id='par_1_1' title="bbox 1791 660 1917 726">
     <span class='ocr_line' id='line_1_1' title="bbox 1791 660 1917 726; baseline 0.024 -3"><span class='ocrx_word' id='word_1_1' title='bbox 1791 660 1917 726; x_wconf 82' lang='lat'><strong>165</strong></span> 
     </span>
    </p>
   </div>
   <div class='ocr_carea' id='block_1_2' title="bbox 1661 749 2071 760">
    <p class='ocr_par' dir='ltr' id='par_1_2' title="bbox 1661 749 2071 760">
     <span class='ocr_line' id='line_1_2' title="bbox 1661 749 2071 760; baseline 0 0"><span class='ocrx_word' id='word_1_2' title='bbox 1661 749 2071 760; x_wconf 95' lang='lat' dir='ltr'><strong> </strong></span> 
     </span>
    </p>
   </div>
   <div class='ocr_carea' id='block_1_3' title="bbox 651 853 3103 2593">
    <p class='ocr_par' dir='ltr' id='par_1_3' title="bbox 651 853 3103 2593">
     <span class='ocr_line' id='line_1_3' title="bbox 894 853 3042 949; baseline 0.002 -19"><span class='ocrx_word' id='word_1_3' title='bbox 894 853 1116 932; x_wconf 84' lang='lat' dir='ltr'><strong>Laltra</strong></span> <span class='ocrx_word' id='word_1_4' title='bbox 1159 865 1297 933; x_wconf 90' lang='lat' dir='ltr'><strong>chel</strong></span> <span class='ocrx_word' id='word_1_5' title='bbox 1335 865 1590 933; x_wconf 89' lang='lat' dir='ltr'><strong>Summo</strong></span> <span class='ocrx_word' id='word_1_6' title='bbox 1634 865 1945 949; x_wconf 88' lang='lat' dir='ltr'><strong>pontefice</strong></span> <span class='ocrx_word' id='word_1_7' title='bbox 1984 865 2082 931; x_wconf 83' lang='lat' dir='ltr'><strong>sia</strong></span> <span class='ocrx_word' id='word_1_8' title='bbox 2124 869 2418 934; x_wconf 88' lang='lat' dir='ltr'><strong>contento</strong></span> <span class='ocrx_word' id='word_1_9' title='bbox 2458 867 2537 932; x_wconf 88' lang='lat' dir='ltr'><strong>de</strong></span> <span class='ocrx_word' id='word_1_10' title='bbox 2579 867 2816 934; x_wconf 85' lang='lat' dir='ltr'><strong>ricever</strong></span> <span class='ocrx_word' id='word_1_11' title='bbox 2853 867 2878 932; x_wconf 92' lang='lat' dir='ltr'><strong>i</strong></span> <span class='ocrx_word' id='word_1_12' title='bbox 2908 886 3042 934; x_wconf 90' lang='lat' dir='ltr'><strong>am·</strong></span> 
     </span>
     <span class='ocr_line' id='line_1_4' title="bbox 692 967 3039 1052; baseline 0.001 -18"><span class='ocrx_word' id='word_1_13' title='bbox 692 967 1021 1035; x_wconf 87' lang='lat' dir='ltr'><strong>bassadori</strong></span> <span class='ocrx_word' id='word_1_14' title='bbox 1063 969 1168 1036; x_wconf 85' lang='lat' dir='ltr'><strong>del</strong></span> <span class='ocrx_word' id='word_1_15' title='bbox 1204 967 1301 1035; x_wconf 90' lang='lat' dir='ltr'><strong>Re</strong></span> <span class='ocrx_word' id='word_1_16' title='bbox 1342 969 1422 1035; x_wconf 86' lang='lat' dir='ltr'><strong>de</strong></span> <span class='ocrx_word' id='word_1_17' title='bbox 1463 969 1727 1036; x_wconf 89' lang='lat' dir='ltr'><strong>Boemia</strong></span> <span class='ocrx_word' id='word_1_18' title='bbox 1802 988 1978 1036; x_wconf 89' lang='lat' dir='ltr'><strong>come</strong></span> <span class='ocrx_word' id='word_1_19' title='bbox 2041 969 2473 1036; x_wconf 85' lang='lat' dir='ltr'><strong>ambassadori</strong></span> <span class='ocrx_word' id='word_1_20' title='bbox 2512 969 2593 1037; x_wconf 88' lang='lat' dir='ltr'><strong>de</strong></span> <span class='ocrx_word' id='word_1_21' title='bbox 2632 989 2737 1037; x_wconf 89' lang='lat' dir='ltr'><strong>re:</strong></span> <span class='ocrx_word' id='word_1_22' title='bbox 2782 971 2847 1038; x_wconf 88' lang='lat' dir='ltr'><strong>la</strong></span> <span class='ocrx_word' id='word_1_23' title='bbox 2889 972 3039 1052; x_wconf 88' lang='lat' dir='ltr'><strong>qual</strong></span> 
     </span>
     <span class='ocr_line' id='line_1_5' title="bbox 659 1071 3037 1155; baseline 0.001 -17"><span class='ocrx_word' id='word_1_24' title='bbox 659 1089 870 1138; x_wconf 86' lang='lat' dir='ltr'><strong>-cossa</strong></span> <span class='ocrx_word' id='word_1_25' title='bbox 910 1089 996 1153; x_wconf 91' lang='lat' dir='ltr'><strong>po</strong></span> <span class='ocrx_word' id='word_1_26' title='bbox 1042 1077 1108 1138; x_wconf 92' lang='lat' dir='ltr'><strong>et</strong></span> <span class='ocrx_word' id='word_1_27' title='bbox 1149 1072 1251 1138; x_wconf 89' lang='lat' dir='ltr'><strong>die</strong></span> <span class='ocrx_word' id='word_1_28' title='bbox 1291 1072 1392 1137; x_wconf 89' lang='lat' dir='ltr'><strong>far</strong></span> <span class='ocrx_word' id='word_1_29' title='bbox 1456 1071 1655 1138; x_wconf 88' lang='lat' dir='ltr'><strong>anche</strong></span> <span class='ocrx_word' id='word_1_30' title='bbox 1722 1073 1784 1138; x_wconf 91' lang='lat' dir='ltr'><strong>el</strong></span> <span class='ocrx_word' id='word_1_31' title='bbox 1848 1071 2104 1139; x_wconf 90' lang='lat' dir='ltr'><strong>Summo</strong></span> <span class='ocrx_word' id='word_1_32' title='bbox 2167 1071 2495 1155; x_wconf 80' lang='lat' dir='ltr'><strong>pontefice,</strong></span> <span class='ocrx_word' id='word_1_33' title='bbox 2552 1077 2619 1139; x_wconf 90' lang='lat' dir='ltr'><strong>et</strong></span> <span class='ocrx_word' id='word_1_34' title='bbox 2659 1091 2697 1138; x_wconf 90' lang='lat' dir='ltr'><strong>e</strong></span> <span class='ocrx_word' id='word_1_35' title='bbox 2739 1078 3037 1141; x_wconf 89' lang='lat' dir='ltr'><strong>consueto</strong></span> 
     </span>
     <span class='ocr_line' id='line_1_6' title="bbox 687 1173 3035 1258; baseline 0 -19"><span class='ocrx_word' id='word_1_36' title='bbox 687 1173 850 1239; x_wconf 87' lang='lat' dir='ltr'><strong>farlo</strong></span> <span class='ocrx_word' id='word_1_37' title='bbox 893 1175 959 1240; x_wconf 92' lang='lat' dir='ltr'><strong>in</strong></span> <span class='ocrx_word' id='word_1_38' title='bbox 1003 1175 1158 1240; x_wconf 90' lang='lat' dir='ltr'><strong>tutti</strong></span> <span class='ocrx_word' id='word_1_39' title='bbox 1202 1175 1225 1239; x_wconf 92' lang='lat' dir='ltr'><strong>i</strong></span> <span class='ocrx_word' id='word_1_40' title='bbox 1264 1175 1414 1241; x_wconf 86' lang='lat' dir='ltr'><strong>altri</strong></span> <span class='ocrx_word' id='word_1_41' title='bbox 1461 1175 1626 1242; x_wconf 89' lang='lat' dir='ltr'><strong>cnssi</strong></span> <span class='ocrx_word' id='word_1_42' title='bbox 1671 1176 1805 1240; x_wconf 80' lang='lat' dir='ltr'><strong>veri</strong></span> <span class='ocrx_word' id='word_1_43' title='bbox 1869 1180 1937 1241; x_wconf 91' lang='lat' dir='ltr'><strong>et</strong></span> <span class='ocrx_word' id='word_1_44' title='bbox 2005 1173 2348 1258; x_wconf 78' lang='lat' dir='ltr'><strong>indubitati</strong></span> <span class='ocrx_word' id='word_1_45' title='bbox 2410 1194 2481 1242; x_wconf 88' lang='lat' dir='ltr'><strong>re</strong></span> <span class='ocrx_word' id='word_1_46' title='bbox 2538 1193 2714 1242; x_wconf 89' lang='lat' dir='ltr'><strong>come</strong></span> <span class='ocrx_word' id='word_1_47' title='bbox 2780 1177 3035 1255; x_wconf 77' lang='grc'><strong>1111111111,</strong></span> 
     </span>
     <span class='ocr_line' id='line_1_7' title="bbox 685 1275 3037 1361; baseline 0.002 -18"><span class='ocrx_word' id='word_1_48' title='bbox 685 1283 752 1343; x_wconf 89' lang='lat' dir='ltr'><strong>et</strong></span> <span class='ocrx_word' id='word_1_49' title='bbox 793 1276 960 1343; x_wconf 88' lang='lat' dir='ltr'><strong>cussi</strong></span> <span class='ocrx_word' id='word_1_50' title='bbox 1002 1275 1248 1359; x_wconf 83' lang='lat' dir='ltr'><strong>expulsi</strong></span> <span class='ocrx_word' id='word_1_51' title='bbox 1293 1294 1472 1344; x_wconf 87' lang='lat' dir='ltr'><strong>come</strong></span> <span class='ocrx_word' id='word_1_52' title='bbox 1520 1278 1887 1360; x_wconf 79' lang='lat' dir='ltr'><strong>possidenti,</strong></span> <span class='ocrx_word' id='word_1_53' title='bbox 1951 1277 2183 1361; x_wconf 88' lang='lat' dir='ltr'><strong>perche</strong></span> <span class='ocrx_word' id='word_1_54' title='bbox 2224 1283 2451 1361; x_wconf 86' lang='lat' dir='ltr'><strong>questa</strong></span> <span class='ocrx_word' id='word_1_55' title='bbox 2490 1275 2883 1346; x_wconf 84' lang='lat' dir='ltr'><strong>indifferente</strong></span> <span class='ocrx_word' id='word_1_56' title='bbox 2925 1298 3037 1361; x_wconf 85' lang='lat' dir='ltr'><strong>ap-</strong></span> 
     </span>
     <span class='ocr_line' id='line_1_8' title="bbox 691 1379 3039 1462; baseline 0.003 -19"><span class='ocrx_word' id='word_1_57' title='bbox 691 1379 1038 1462; x_wconf 86' lang='lat' dir='ltr'><strong>pellatione</strong></span> <span class='ocrx_word' id='word_1_58' title='bbox 1081 1385 1148 1445; x_wconf 91' lang='lat' dir='ltr'><strong>et</strong></span> <span class='ocrx_word' id='word_1_59' title='bbox 1189 1379 1630 1448; x_wconf 77' lang='lat' dir='ltr'><strong>nominatione</strong></span> <span class='ocrx_word' id='word_1_60' title='bbox 1670 1397 1798 1446; x_wconf 92' lang='lat' dir='ltr'><strong>non</strong></span> <span class='ocrx_word' id='word_1_61' title='bbox 1841 1381 2077 1462; x_wconf 85' lang='lat' dir='ltr'><strong>deroga</strong></span> <span class='ocrx_word' id='word_1_62' title='bbox 2128 1381 2231 1446; x_wconf 84' lang='lat' dir='ltr'><strong>ale</strong></span> <span class='ocrx_word' id='word_1_63' title='bbox 2272 1399 2469 1446; x_wconf 86' lang='lat' dir='ltr'><strong>raxon</strong></span> <span class='ocrx_word' id='word_1_64' title='bbox 2511 1382 2591 1448; x_wconf 84' lang='lat' dir='ltr'><strong>de</strong></span> <span class='ocrx_word' id='word_1_65' title='bbox 2632 1382 2889 1448; x_wconf 87' lang='lat' dir='ltr'><strong>alcuno:</strong></span> <span class='ocrx_word' id='word_1_66' title='bbox 2951 1383 3039 1450; x_wconf 84' lang='lat' dir='ltr'><strong>Et</strong></span> 
     </span>
     <span class='ocr_line' id='line_1_9' title="bbox 689 1481 3103 1566; baseline 0.002 -18"><span class='ocrx_word' id='word_1_67' title='bbox 689 1481 948 1549; x_wconf 86' lang='lat' dir='ltr'><strong>Summo</strong></span> <span class='ocrx_word' id='word_1_68' title='bbox 992 1481 1289 1565; x_wconf 89' lang='lat' dir='ltr'><strong>pontifice</strong></span> <span class='ocrx_word' id='word_1_69' title='bbox 1330 1481 1803 1549; x_wconf 86' lang='lat' dir='ltr'><strong>indifferentem</strong></span> <span class='ocrx_word' id='word_1_70' title='bbox 1847 1483 2123 1548; x_wconf 89' lang='lat' dir='ltr'><strong>omnium</strong></span> <span class='ocrx_word' id='word_1_71' title='bbox 2188 1487 2514 1566; x_wconf 87' lang='lat' dir='ltr'><strong>parentem</strong></span> <span class='ocrx_word' id='word_1_72' title='bbox 2559 1482 2757 1550; x_wconf 85' lang='lat' dir='ltr'><strong>decet.</strong></span> <span class='ocrx_word' id='word_1_73' title='bbox 2834 1485 3036 1552; x_wconf 89' lang='lat' dir='ltr'><strong>Molto</strong></span> <span class='ocrx_word' id='word_1_74' title='bbox 3098 1506 3103 1512; x_wconf 90' lang='lat'>·</span> 
     </span>
     <span class='ocr_line' id='line_1_10' title="bbox 687 1585 3035 1668; baseline 0.002 -18"><span class='ocrx_word' id='word_1_75' title='bbox 687 1603 756 1651; x_wconf 90' lang='lat' dir='ltr'><strong>se</strong></span> <span class='ocrx_word' id='word_1_76' title='bbox 800 1585 998 1650; x_wconf 88' lang='lat' dir='ltr'><strong>dilato</strong></span> <span class='ocrx_word' id='word_1_77' title='bbox 1042 1586 1108 1650; x_wconf 94' lang='lat' dir='ltr'><strong>in</strong></span> <span class='ocrx_word' id='word_1_78' title='bbox 1146 1589 1375 1666; x_wconf 88' lang='lat' dir='ltr'><strong>questo</strong></span> <span class='ocrx_word' id='word_1_79' title='bbox 1423 1585 1770 1668; x_wconf 89' lang='lat' dir='ltr'><strong>persuader</strong></span> <span class='ocrx_word' id='word_1_80' title='bbox 1803 1590 1870 1652; x_wconf 95' lang='lat' dir='ltr'><strong>et</strong></span> <span class='ocrx_word' id='word_1_81' title='bbox 1910 1603 2037 1651; x_wconf 93' lang='lat' dir='ltr'><strong>non</strong></span> <span class='ocrx_word' id='word_1_82' title='bbox 2077 1585 2195 1650; x_wconf 87' lang='lat' dir='ltr'><strong>dar</strong></span> <span class='ocrx_word' id='word_1_83' title='bbox 2238 1585 2507 1652; x_wconf 84' lang='lat' dir='ltr'><strong>materia</strong></span> <span class='ocrx_word' id='word_1_84' title='bbox 2548 1587 2613 1652; x_wconf 87' lang='lat' dir='ltr'><strong>al</strong></span> <span class='ocrx_word' id='word_1_85' title='bbox 2652 1587 2747 1654; x_wconf 89' lang='lat' dir='ltr'><strong>Re</strong></span> <span class='ocrx_word' id='word_1_86' title='bbox 2788 1587 2869 1653; x_wconf 84' lang='lat' dir='ltr'><strong>de</strong></span> <span class='ocrx_word' id='word_1_87' title='bbox 2910 1587 3035 1654; x_wconf 92' lang='lat' dir='ltr'><strong>Po-</strong></span> 
     </span>
     <span class='ocr_line' id='line_1_11' title="bbox 689 1687 3035 1771; baseline 0.002 -19"><span class='ocrx_word' id='word_1_88' title='bbox 689 1687 868 1754; x_wconf 76' lang='lat' dir='ltr'><strong>lonia</strong></span> <span class='ocrx_word' id='word_1_89' title='bbox 910 1688 994 1754; x_wconf 84' lang='lat' dir='ltr'><strong>de</strong></span> <span class='ocrx_word' id='word_1_90' title='bbox 1038 1687 1383 1755; x_wconf 84' lang='lat' dir='ltr'><strong>trabuchar</strong></span> <span class='ocrx_word' id='word_1_91' title='bbox 1425 1697 1492 1754; x_wconf 90' lang='lat' dir='ltr'><strong>et</strong></span> <span class='ocrx_word' id='word_1_92' title='bbox 1536 1707 1676 1754; x_wconf 89' lang='lat' dir='ltr'><strong>cum</strong></span> <span class='ocrx_word' id='word_1_93' title='bbox 1720 1706 1833 1754; x_wconf 88' lang='grc'><strong>8110</strong></span> <span class='ocrx_word' id='word_1_94' title='bbox 1879 1687 2161 1769; x_wconf 88' lang='lat' dir='ltr'><strong>pericolo</strong></span> <span class='ocrx_word' id='word_1_95' title='bbox 2215 1687 2570 1771; x_wconf 83' lang='lat' dir='ltr'><strong>periclitari</strong></span> <span class='ocrx_word' id='word_1_96' title='bbox 2612 1707 2859 1756; x_wconf 89' lang='lat' dir='ltr'><strong>omnem</strong></span> <span class='ocrx_word' id='word_1_97' title='bbox 2900 1710 3035 1757; x_wconf 90' lang='lat' dir='ltr'><strong>rem</strong></span> 
     </span>
     <span class='ocr_line' id='line_1_12' title="bbox 705 1789 3031 1874; baseline 0.002 -18"><span class='ocrx_word' id='word_1_98' title='bbox 705 1789 1131 1856; x_wconf 80' lang='lat' dir='ltr'><strong>christianam.</strong></span> <span class='ocrx_word' id='word_1_99' title='bbox 1218 1791 1306 1856; x_wconf 90' lang='lat' dir='ltr'><strong>Et</strong></span> <span class='ocrx_word' id='word_1_100' title='bbox 1347 1791 1577 1874; x_wconf 82' lang='lat' dir='ltr'><strong>perche</strong></span> <span class='ocrx_word' id='word_1_101' title='bbox 1621 1791 1679 1857; x_wconf 92' lang='lat' dir='ltr'><strong>el</strong></span> <span class='ocrx_word' id='word_1_102' title='bbox 1721 1794 1937 1872; x_wconf 83' lang='lat' dir='ltr'><strong>tempo</strong></span> <span class='ocrx_word' id='word_1_103' title='bbox 1975 1794 2222 1857; x_wconf 86' lang='lat' dir='ltr'><strong>strenze</strong></span> <span class='ocrx_word' id='word_1_104' title='bbox 2264 1789 2343 1857; x_wconf 88' lang='lat' dir='ltr'><strong>de</strong></span> <span class='ocrx_word' id='word_1_105' title='bbox 2402 1791 2511 1873; x_wconf 87' lang='lat' dir='ltr'><strong>qui</strong></span> <span class='ocrx_word' id='word_1_106' title='bbox 2566 1810 2607 1858; x_wconf 88' lang='lat' dir='ltr'><strong>a</strong></span> <span class='ocrx_word' id='word_1_107' title='bbox 2649 1796 3031 1874; x_wconf 81' lang='lat' dir='ltr'><strong>pentecoste,</strong></span> 
     </span>
     <span class='ocr_line' id='line_1_13' title="bbox 688 1892 3033 1976; baseline 0.001 -18"><span class='ocrx_word' id='word_1_108' title='bbox 688 1897 767 1958; x_wconf 87' lang='lat' dir='ltr'><strong>-et</strong></span> <span class='ocrx_word' id='word_1_109' title='bbox 809 1911 936 1959; x_wconf 92' lang='lat' dir='ltr'><strong>non</strong></span> <span class='ocrx_word' id='word_1_110' title='bbox 980 1892 1168 1959; x_wconf 86' lang='lat' dir='ltr'><strong>basta</strong></span> <span class='ocrx_word' id='word_1_111' title='bbox 1209 1893 1274 1957; x_wconf 87' lang='lat' dir='ltr'><strong>al</strong></span> <span class='ocrx_word' id='word_1_112' title='bbox 1316 1893 1630 1976; x_wconf 85' lang='lat' dir='ltr'><strong>practicar</strong></span> <span class='ocrx_word' id='word_1_113' title='bbox 1669 1896 1736 1960; x_wconf 90' lang='lat' dir='ltr'><strong>et</strong></span> <span class='ocrx_word' id='word_1_114' title='bbox 1776 1893 2017 1959; x_wconf 87' lang='lat' dir='ltr'><strong>condur</strong></span> <span class='ocrx_word' id='word_1_115' title='bbox 2079 1897 2306 1974; x_wconf 87' lang='lat' dir='ltr'><strong>questa</strong></span> <span class='ocrx_word' id='word_1_116' title='bbox 2350 1895 2751 1976; x_wconf 84' lang='lat' dir='ltr'><strong>prorogation</strong></span> <span class='ocrx_word' id='word_1_117' title='bbox 2796 1896 2879 1961; x_wconf 88' lang='lat' dir='ltr'><strong>ad</strong></span> <span class='ocrx_word' id='word_1_118' title='bbox 2924 1897 3033 1961; x_wconf 88' lang='lat' dir='ltr'><strong>de-</strong></span> 
     </span>
     <span class='ocr_line' id='line_1_14' title="bbox 693 1995 3033 2081; baseline 0.002 -20"><span class='ocrx_word' id='word_1_119' title='bbox 693 1997 990 2081; x_wconf 80' lang='lat' dir='ltr'><strong>syderato</strong></span> <span class='ocrx_word' id='word_1_120' title='bbox 1034 2002 1099 2061; x_wconf 90' lang='lat' dir='ltr'><strong>et</strong></span> <span class='ocrx_word' id='word_1_121' title='bbox 1141 1996 1492 2062; x_wconf 87' lang='lat' dir='ltr'><strong>necessario</strong></span> <span class='ocrx_word' id='word_1_122' title='bbox 1559 2002 1836 2064; x_wconf 87' lang='lat' dir='ltr'><strong>termene</strong></span> <span class='ocrx_word' id='word_1_123' title='bbox 1896 1996 2148 2062; x_wconf 85' lang='lat' dir='ltr'><strong>ricorda</strong></span> <span class='ocrx_word' id='word_1_124' title='bbox 2212 1995 2381 2062; x_wconf 90' lang='lat' dir='ltr'><strong>dicto</strong></span> <span class='ocrx_word' id='word_1_125' title='bbox 2442 1996 2847 2064; x_wconf 87' lang='lat' dir='ltr'><strong>ambassador</strong></span> <span class='ocrx_word' id='word_1_126' title='bbox 2916 1999 3033 2065; x_wconf 90' lang='lat' dir='ltr'><strong>che</strong></span> 
     </span>
     <span class='ocr_line' id='line_1_15' title="bbox 688 2097 3031 2184; baseline 0.001 -19"><span class='ocrx_word' id='word_1_127' title='bbox 688 2117 802 2182; x_wconf 88' lang='lat' dir='ltr'><strong>per</strong></span> <span class='ocrx_word' id='word_1_128' title='bbox 843 2099 908 2164; x_wconf 90' lang='lat' dir='ltr'><strong>la</strong></span> <span class='ocrx_word' id='word_1_129' title='bbox 951 2098 1054 2166; x_wconf 76' lang='lat' dir='ltr'><strong>via</strong></span> <span class='ocrx_word' id='word_1_130' title='bbox 1095 2098 1197 2164; x_wconf 88' lang='lat' dir='ltr'><strong>del</strong></span> <span class='ocrx_word' id='word_1_131' title='bbox 1242 2097 1497 2165; x_wconf 86' lang='lat' dir='ltr'><strong>Summo</strong></span> <span class='ocrx_word' id='word_1_132' title='bbox 1542 2099 1848 2181; x_wconf 89' lang='lat' dir='ltr'><strong>pontefice</strong></span> <span class='ocrx_word' id='word_1_133' title='bbox 1891 2116 1962 2164; x_wconf 89' lang='lat' dir='ltr'><strong>se</strong></span> <span class='ocrx_word' id='word_1_134' title='bbox 2006 2097 2214 2164; x_wconf 89' lang='lat' dir='ltr'><strong>cerchi</strong></span> <span class='ocrx_word' id='word_1_135' title='bbox 2276 2097 2369 2163; x_wconf 87' lang='lat' dir='ltr'><strong>tal</strong></span> <span class='ocrx_word' id='word_1_136' title='bbox 2414 2116 2610 2178; x_wconf 88' lang='lat' dir='ltr'><strong>cossa,</strong></span> <span class='ocrx_word' id='word_1_137' title='bbox 2665 2098 2727 2165; x_wconf 91' lang='lat' dir='ltr'><strong>el</strong></span> <span class='ocrx_word' id='word_1_138' title='bbox 2761 2101 2909 2184; x_wconf 84' lang='lat' dir='ltr'><strong>qual</strong></span> <span class='ocrx_word' id='word_1_139' title='bbox 2950 2101 3031 2168; x_wconf 86' lang='lat' dir='ltr'><strong>de</strong></span> 
     </span>
     <span class='ocr_line' id='line_1_16' title="bbox 687 2199 3030 2284; baseline 0.002 -18"><span class='ocrx_word' id='word_1_140' title='bbox 687 2217 805 2267; x_wconf 89' lang='lat' dir='ltr'><strong>sua</strong></span> <span class='ocrx_word' id='word_1_141' title='bbox 847 2201 1164 2268; x_wconf 83' lang='lat' dir='ltr'><strong>auctorita</strong></span> <span class='ocrx_word' id='word_1_142' title='bbox 1206 2201 1416 2284; x_wconf 91' lang='lat' dir='ltr'><strong>quelle</strong></span> <span class='ocrx_word' id='word_1_143' title='bbox 1459 2201 1675 2268; x_wconf 86' lang='lat' dir='ltr'><strong>ordeni</strong></span> <span class='ocrx_word' id='word_1_144' title='bbox 1739 2206 1805 2268; x_wconf 92' lang='lat' dir='ltr'><strong>et</strong></span> <span class='ocrx_word' id='word_1_145' title='bbox 1872 2199 2225 2268; x_wconf 86' lang='lat' dir='ltr'><strong>statuischa</strong></span> <span class='ocrx_word' id='word_1_146' title='bbox 2278 2219 2417 2266; x_wconf 90' lang='lat' dir='ltr'><strong>cum</strong></span> <span class='ocrx_word' id='word_1_147' title='bbox 2482 2201 2545 2266; x_wconf 92' lang='lat' dir='ltr'><strong>le</strong></span> <span class='ocrx_word' id='word_1_148' title='bbox 2608 2202 3030 2284; x_wconf 76' lang='lat' dir='ltr'><strong>suprascripte</strong></span> 
     </span>
     <span class='ocr_line' id='line_1_17' title="bbox 651 2302 3029 2387; baseline 0.001 -17"><span class='ocrx_word' id='word_1_149' title='bbox 651 2305 802 2370; x_wconf 81' lang='lat' dir='ltr'><strong>·doe</strong></span> <span class='ocrx_word' id='word_1_150' title='bbox 845 2303 1310 2370; x_wconf 87' lang='lat' dir='ltr'><strong>modificatione</strong></span> <span class='ocrx_word' id='word_1_151' title='bbox 1349 2303 1412 2368; x_wconf 91' lang='lat' dir='ltr'><strong>la</strong></span> <span class='ocrx_word' id='word_1_152' title='bbox 1454 2302 1604 2384; x_wconf 87' lang='lat' dir='ltr'><strong>qual</strong></span> <span class='ocrx_word' id='word_1_153' title='bbox 1647 2303 1749 2368; x_wconf 84' lang='lat' dir='ltr'><strong>via</strong></span> <span class='ocrx_word' id='word_1_154' title='bbox 1794 2319 1831 2368; x_wconf 90' lang='lat' dir='ltr'><strong>e</strong></span> <span class='ocrx_word' id='word_1_155' title='bbox 1872 2302 2265 2387; x_wconf 89' lang='lat' dir='ltr'><strong>prestissima</strong></span> <span class='ocrx_word' id='word_1_156' title='bbox 2306 2321 2343 2369; x_wconf 88' lang='lat' dir='ltr'><strong>e</strong></span> <span class='ocrx_word' id='word_1_157' title='bbox 2384 2309 2569 2386; x_wconf 85' lang='lat' dir='ltr'><strong>potra</strong></span> <span class='ocrx_word' id='word_1_158' title='bbox 2628 2321 2801 2370; x_wconf 88' lang='lat' dir='ltr'><strong>esser</strong></span> <span class='ocrx_word' id='word_1_159' title='bbox 2845 2305 3029 2372; x_wconf 84' lang='lat' dir='ltr'><strong>effec-</strong></span> 
     </span>
     <span class='ocr_line' id='line_1_18' title="bbox 679 2405 3028 2490; baseline 0.001 -18"><span class='ocrx_word' id='word_1_160' title='bbox 679 2407 860 2474; x_wconf 87' lang='lat' dir='ltr'><strong>tuale</strong></span> <span class='ocrx_word' id='word_1_161' title='bbox 903 2407 1089 2474; x_wconf 87' lang='lat' dir='ltr'><strong>facile</strong></span> <span class='ocrx_word' id='word_1_162' title='bbox 1131 2411 1196 2474; x_wconf 89' lang='lat' dir='ltr'><strong>et</strong></span> <span class='ocrx_word' id='word_1_163' title='bbox 1238 2405 1470 2486; x_wconf 88' lang='lat' dir='ltr'><strong>valida,</strong></span> <span class='ocrx_word' id='word_1_164' title='bbox 1516 2411 1583 2472; x_wconf 91' lang='lat' dir='ltr'><strong>et</strong></span> <span class='ocrx_word' id='word_1_165' title='bbox 1627 2407 1772 2490; x_wconf 84' lang='lat' dir='ltr'><strong>ogni</strong></span> <span class='ocrx_word' id='word_1_166' title='bbox 1816 2406 1986 2472; x_wconf 84' lang='lat' dir='ltr'><strong>altra</strong></span> <span class='ocrx_word' id='word_1_167' title='bbox 2045 2406 2211 2472; x_wconf 88' lang='lat' dir='ltr'><strong>seria</strong></span> <span class='ocrx_word' id='word_1_168' title='bbox 2272 2406 2461 2490; x_wconf 86' lang='lat' dir='ltr'><strong>longa</strong></span> <span class='ocrx_word' id='word_1_169' title='bbox 2504 2407 2759 2474; x_wconf 85' lang='lat' dir='ltr'><strong>difficile</strong></span> <span class='ocrx_word' id='word_1_170' title='bbox 2802 2412 2870 2474; x_wconf 90' lang='lat' dir='ltr'><strong>et</strong></span> <span class='ocrx_word' id='word_1_171' title='bbox 2910 2409 3028 2474; x_wconf 89' lang='lat' dir='ltr'><strong>im-</strong></span> 
     </span>
     <span class='ocr_line' id='line_1_19' title="bbox 675 2509 973 2593; baseline -0.003 -16"><span class='ocrx_word' id='word_1_172' title='bbox 675 2509 973 2593; x_wconf 87' lang='lat' dir='ltr'><strong>perfecta.</strong></span> 
     </span>
    </p>
   </div>
   <div class='ocr_carea' id='block_1_4' title="bbox 1565 2731 2133 2799">
    <p class='ocr_par' dir='ltr' id='par_1_4' title="bbox 1565 2731 2133 2799">
     <span class='ocr_line' id='line_1_20' title="bbox 1565 2731 2133 2799; baseline -0.004 -1"><span class='ocrx_word' id='word_1_173' title='bbox 1565 2732 1669 2798; x_wconf 81' lang='lat' dir='ltr'><strong>Die</strong></span> <span class='ocrx_word' id='word_1_174' title='bbox 1712 2732 1818 2799; x_wconf 76' lang='lat' dir='ltr'><strong>vll.</strong></span> <span class='ocrx_word' id='word_1_175' title='bbox 1864 2731 2133 2799; x_wconf 79' lang='lat' dir='ltr'><strong>ianuarii.</strong></span> 
     </span>
    </p>
   </div>
   <div class='ocr_carea' id='block_1_5' title="bbox 666 2900 3024 4216">
    <p class='ocr_par' dir='ltr' id='par_1_5' title="bbox 666 2900 3024 4216">
     <span class='ocr_line' id='line_1_21' title="bbox 882 2900 3024 2985; baseline 0 -16"><span class='ocrx_word' id='word_1_176' title='bbox 882 2904 1081 2970; x_wconf 83' lang='lat' dir='ltr'><strong>Facta</strong></span> <span class='ocrx_word' id='word_1_177' title='bbox 1141 2902 1550 2985; x_wconf 84' lang='lat' dir='ltr'><strong>responsione</strong></span> <span class='ocrx_word' id='word_1_178' title='bbox 1622 2900 1957 2984; x_wconf 80' lang='lat' dir='ltr'><strong>Magnifico</strong></span> <span class='ocrx_word' id='word_1_179' title='bbox 2022 2900 2274 2968; x_wconf 90' lang='lat' dir='ltr'><strong>Oratori</strong></span> <span class='ocrx_word' id='word_1_180' title='bbox 2340 2900 2730 2972; x_wconf 88' lang='lat' dir='ltr'><strong>Serenissimi</strong></span> <span class='ocrx_word' id='word_1_181' title='bbox 2789 2902 3024 2969; x_wconf 90' lang='lat' dir='ltr'><strong>domini</strong></span> 
     </span>
     <span class='ocr_line' id='line_1_22' title="bbox 675 3002 3023 3089; baseline 0 -18"><span class='ocrx_word' id='word_1_182' title='bbox 675 3006 844 3089; x_wconf 85' lang='lat' dir='ltr'><strong>regis</strong></span> <span class='ocrx_word' id='word_1_183' title='bbox 887 3005 1150 3071; x_wconf 90' lang='lat' dir='ltr'><strong>Polonie</strong></span> <span class='ocrx_word' id='word_1_184' title='bbox 1191 3006 1362 3071; x_wconf 83' lang='lat' dir='ltr'><strong>visus</strong></span> <span class='ocrx_word' id='word_1_185' title='bbox 1413 3009 1512 3071; x_wconf 89' lang='lat' dir='ltr'><strong>est</strong></span> <span class='ocrx_word' id='word_1_186' title='bbox 1551 3022 1678 3070; x_wconf 92' lang='lat' dir='ltr'><strong>non</strong></span> <span class='ocrx_word' id='word_1_187' title='bbox 1722 3002 2001 3086; x_wconf 88' lang='lat' dir='ltr'><strong>perfecte</strong></span> <span class='ocrx_word' id='word_1_188' title='bbox 2050 3004 2435 3071; x_wconf 86' lang='lat' dir='ltr'><strong>intellexisse</strong></span> <span class='ocrx_word' id='word_1_189' title='bbox 2495 3010 2777 3071; x_wconf 88' lang='lat' dir='ltr'><strong>nostram</strong></span> <span class='ocrx_word' id='word_1_190' title='bbox 2817 3006 3023 3073; x_wconf 85' lang='lat' dir='ltr'><strong>inten-</strong></span> 
     </span>
     <span class='ocr_line' id='line_1_23' title="bbox 675 3105 3021 3190; baseline 0 -16"><span class='ocrx_word' id='word_1_191' title='bbox 675 3108 916 3175; x_wconf 86' lang='lat' dir='ltr'><strong>tionem</strong></span> <span class='ocrx_word' id='word_1_192' title='bbox 962 3110 1132 3175; x_wconf 88' lang='lat' dir='ltr'><strong>circa</strong></span> <span class='ocrx_word' id='word_1_193' title='bbox 1173 3106 1518 3190; x_wconf 80' lang='lat' dir='ltr'><strong>practicam</strong></span> <span class='ocrx_word' id='word_1_194' title='bbox 1561 3105 1967 3172; x_wconf 84' lang='lat' dir='ltr'><strong>Tartarorum</strong></span> <span class='ocrx_word' id='word_1_195' title='bbox 2031 3105 2162 3171; x_wconf 88' lang='lat' dir='ltr'><strong>sive</strong></span> <span class='ocrx_word' id='word_1_196' title='bbox 2203 3106 2698 3189; x_wconf 81' lang='lat' dir='ltr'><strong>prosequendam</strong></span> <span class='ocrx_word' id='word_1_197' title='bbox 2739 3106 2869 3173; x_wconf 88' lang='lat' dir='ltr'><strong>sive</strong></span> <span class='ocrx_word' id='word_1_198' title='bbox 2912 3108 3021 3174; x_wconf 88' lang='lat' dir='ltr'><strong>de·</strong></span> 
     </span>
     <span class='ocr_line' id='line_1_24' title="bbox 674 3208 3019 3297; baseline -0 -20"><span class='ocrx_word' id='word_1_199' title='bbox 674 3212 1148 3297; x_wconf 87' lang='lat' dir='ltr'><strong>relinquendam</strong></span> <span class='ocrx_word' id='word_1_200' title='bbox 1193 3210 1365 3277; x_wconf 88' lang='lat' dir='ltr'><strong>circa</strong></span> <span class='ocrx_word' id='word_1_201' title='bbox 1405 3209 1577 3292; x_wconf 87' lang='lat' dir='ltr'><strong>quod</strong></span> <span class='ocrx_word' id='word_1_202' title='bbox 1614 3208 1950 3275; x_wconf 88' lang='lat' dir='ltr'><strong>articulum</strong></span> <span class='ocrx_word' id='word_1_203' title='bbox 2015 3208 2204 3291; x_wconf 89' lang='lat' dir='ltr'><strong>petiit</strong></span> <span class='ocrx_word' id='word_1_204' title='bbox 2246 3214 2313 3275; x_wconf 91' lang='lat' dir='ltr'><strong>et</strong></span> <span class='ocrx_word' id='word_1_205' title='bbox 2356 3227 2499 3276; x_wconf 91' lang='lat' dir='ltr'><strong>cum</strong></span> <span class='ocrx_word' id='word_1_206' title='bbox 2542 3209 2847 3276; x_wconf 87' lang='lat' dir='ltr'><strong>instantia</strong></span> <span class='ocrx_word' id='word_1_207' title='bbox 2892 3210 3019 3276; x_wconf 89' lang='lat' dir='ltr'><strong>dis·</strong></span> 
     </span>
     <span class='ocr_line' id='line_1_25' title="bbox 675 3310 3019 3395; baseline -0.001 -14"><span class='ocrx_word' id='word_1_208' title='bbox 675 3316 934 3382; x_wconf 89' lang='lat' dir='ltr'><strong>tinctius</strong></span> <span class='ocrx_word' id='word_1_209' title='bbox 975 3312 1304 3380; x_wconf 86' lang='lat' dir='ltr'><strong>declarari.</strong></span> <span class='ocrx_word' id='word_1_210' title='bbox 1390 3310 1730 3378; x_wconf 85' lang='lat' dir='ltr'><strong>Subiunxit</strong></span> <span class='ocrx_word' id='word_1_211' title='bbox 1771 3316 1997 3393; x_wconf 87' lang='lat' dir='ltr'><strong>postea</strong></span> <span class='ocrx_word' id='word_1_212' title='bbox 2038 3310 2240 3376; x_wconf 84' lang='lat' dir='ltr'><strong>multa</strong></span> <span class='ocrx_word' id='word_1_213' title='bbox 2305 3310 2384 3378; x_wconf 88' lang='lat' dir='ltr'><strong>de</strong></span> <span class='ocrx_word' id='word_1_214' title='bbox 2440 3312 2882 3395; x_wconf 82' lang='lat' dir='ltr'><strong>prorogatione</strong></span> <span class='ocrx_word' id='word_1_215' title='bbox 2923 3314 3019 3378; x_wconf 92' lang='lat' dir='ltr'><strong>in-</strong></span> 
     </span>
     <span class='ocr_line' id='line_1_26' title="bbox 677 3412 3021 3496; baseline -0.001 -12"><span class='ocrx_word' id='word_1_216' title='bbox 677 3418 999 3485; x_wconf 85' lang='lat' dir='ltr'><strong>dutiarum</strong></span> <span class='ocrx_word' id='word_1_217' title='bbox 1081 3418 1248 3483; x_wconf 88' lang='lat' dir='ltr'><strong>inter</strong></span> <span class='ocrx_word' id='word_1_218' title='bbox 1319 3412 1762 3481; x_wconf 89' lang='lat' dir='ltr'><strong>Serenissimos</strong></span> <span class='ocrx_word' id='word_1_219' title='bbox 1826 3412 2113 3480; x_wconf 87' lang='lat' dir='ltr'><strong>dominos</strong></span> <span class='ocrx_word' id='word_1_220' title='bbox 2174 3431 2352 3496; x_wconf 87' lang='lat' dir='ltr'><strong>reges</strong></span> <span class='ocrx_word' id='word_1_221' title='bbox 2412 3414 2697 3495; x_wconf 86' lang='lat' dir='ltr'><strong>Polonie,</strong></span> <span class='ocrx_word' id='word_1_222' title='bbox 2760 3414 3021 3482; x_wconf 88' lang='lat' dir='ltr'><strong>Boemie</strong></span> 
     </span>
     <span class='ocr_line' id='line_1_27' title="bbox 672 3508 3017 3602; baseline -0 -16"><span class='ocrx_word' id='word_1_223' title='bbox 672 3525 740 3587; x_wconf 92' lang='lat' dir='ltr'><strong>et</strong></span> <span class='ocrx_word' id='word_1_224' title='bbox 807 3519 1136 3602; x_wconf 83' lang='lat' dir='ltr'><strong>Hungarie</strong></span> <span class='ocrx_word' id='word_1_225' title='bbox 1199 3518 1265 3584; x_wconf 92' lang='lat' dir='ltr'><strong>in</strong></span> <span class='ocrx_word' id='word_1_226' title='bbox 1333 3516 1560 3600; x_wconf 88' lang='lat' dir='ltr'><strong>quibus</strong></span> <span class='ocrx_word' id='word_1_227' title='bbox 1617 3517 1921 3584; x_wconf 86' lang='lat' dir='ltr'><strong>inseritur</strong></span> <span class='ocrx_word' id='word_1_228' title='bbox 1984 3518 2176 3583; x_wconf 87' lang='lat' dir='ltr'><strong>etiam</strong></span> <span class='ocrx_word' id='word_1_229' title='bbox 2235 3508 2666 3600; x_wconf 39' lang='lat' dir='ltr'><strong>Imperatoria*</strong></span> <span class='ocrx_word' id='word_1_230' title='bbox 2714 3517 3017 3585; x_wconf 86' lang='lat' dir='ltr'><strong>Maiestas</strong></span> 
     </span>
     <span class='ocr_line' id='line_1_28' title="bbox 674 3618 3016 3705; baseline -0.001 -15"><span class='ocrx_word' id='word_1_231' title='bbox 674 3624 844 3690; x_wconf 87' lang='lat' dir='ltr'><strong>circa</strong></span> <span class='ocrx_word' id='word_1_232' title='bbox 887 3640 1076 3705; x_wconf 89' lang='lat' dir='ltr'><strong>quam</strong></span> <span class='ocrx_word' id='word_1_233' title='bbox 1119 3620 1448 3687; x_wconf 82' lang='lat' dir='ltr'><strong>materiam</strong></span> <span class='ocrx_word' id='word_1_234' title='bbox 1493 3625 1561 3687; x_wconf 89' lang='lat' dir='ltr'><strong>et</strong></span> <span class='ocrx_word' id='word_1_235' title='bbox 1603 3619 1973 3687; x_wconf 89' lang='lat' dir='ltr'><strong>beneficium</strong></span> <span class='ocrx_word' id='word_1_236' title='bbox 2011 3638 2224 3686; x_wconf 89' lang='lat' dir='ltr'><strong>rerum</strong></span> <span class='ocrx_word' id='word_1_237' title='bbox 2248 3618 2730 3687; x_wconf 83' lang='lat' dir='ltr'><strong>christianarum</strong></span> <span class='ocrx_word' id='word_1_238' title='bbox 2774 3640 2849 3687; x_wconf 92' lang='lat' dir='ltr'><strong>ex</strong></span> <span class='ocrx_word' id='word_1_239' title='bbox 2889 3640 3016 3688; x_wconf 88' lang='lat' dir='ltr'><strong>uno</strong></span> 
     </span>
     <span class='ocr_line' id='line_1_29' title="bbox 675 3722 3017 3808; baseline -0 -17"><span class='ocrx_word' id='word_1_240' title='bbox 675 3726 880 3791; x_wconf 88' lang='lat' dir='ltr'><strong>latere</strong></span> <span class='ocrx_word' id='word_1_241' title='bbox 919 3724 1282 3808; x_wconf 87' lang='lat' dir='ltr'><strong>prorogatis</strong></span> <span class='ocrx_word' id='word_1_242' title='bbox 1342 3723 1582 3789; x_wconf 88' lang='lat' dir='ltr'><strong>scilicet</strong></span> <span class='ocrx_word' id='word_1_243' title='bbox 1623 3722 1768 3803; x_wconf 91' lang='lat' dir='ltr'><strong>illis,</strong></span> <span class='ocrx_word' id='word_1_244' title='bbox 1815 3727 1884 3788; x_wconf 89' lang='lat' dir='ltr'><strong>et</strong></span> <span class='ocrx_word' id='word_1_245' title='bbox 1925 3722 2132 3788; x_wconf 88' lang='lat' dir='ltr'><strong>altero</strong></span> <span class='ocrx_word' id='word_1_246' title='bbox 2177 3726 2389 3788; x_wconf 89' lang='lat' dir='ltr'><strong>autem</strong></span> <span class='ocrx_word' id='word_1_247' title='bbox 2445 3723 2841 3789; x_wconf 87' lang='lat' dir='ltr'><strong>incomodum</strong></span> <span class='ocrx_word' id='word_1_248' title='bbox 2882 3742 3017 3791; x_wconf 83' lang='lat' dir='ltr'><strong>ma-</strong></span> 
     </span>
     <span class='ocr_line' id='line_1_30' title="bbox 671 3822 3015 3908; baseline -0 -16"><span class='ocrx_word' id='word_1_249' title='bbox 671 3828 804 3894; x_wconf 89' lang='lat' dir='ltr'><strong>lum</strong></span> <span class='ocrx_word' id='word_1_250' title='bbox 851 3831 918 3893; x_wconf 93' lang='lat' dir='ltr'><strong>et</strong></span> <span class='ocrx_word' id='word_1_251' title='bbox 959 3826 1304 3908; x_wconf 87' lang='lat' dir='ltr'><strong>periculum</strong></span> <span class='ocrx_word' id='word_1_252' title='bbox 1345 3827 1686 3892; x_wconf 85' lang='lat' dir='ltr'><strong>maximum</strong></span> <span class='ocrx_word' id='word_1_253' title='bbox 1752 3824 1808 3889; x_wconf 89' lang='lat' dir='ltr'><strong>si</strong></span> <span class='ocrx_word' id='word_1_254' title='bbox 1872 3824 1954 3889; x_wconf 83' lang='lat' dir='ltr'><strong>ad</strong></span> <span class='ocrx_word' id='word_1_255' title='bbox 2020 3822 2369 3890; x_wconf 86' lang='lat' dir='ltr'><strong>fracturam</strong></span> <span class='ocrx_word' id='word_1_256' title='bbox 2425 3823 2575 3891; x_wconf 88' lang='lat' dir='ltr'><strong>belli</strong></span> <span class='ocrx_word' id='word_1_257' title='bbox 2616 3825 3015 3892; x_wconf 83' lang='lat' dir='ltr'><strong>deveniretur</strong></span> 
     </span>
     <span class='ocr_line' id='line_1_31' title="bbox 673 3926 3015 4012; baseline -0.001 -15"><span class='ocrx_word' id='word_1_258' title='bbox 673 3931 924 4012; x_wconf 86' lang='lat' dir='ltr'><strong>copiose</strong></span> <span class='ocrx_word' id='word_1_259' title='bbox 969 3929 1290 3996; x_wconf 87' lang='lat' dir='ltr'><strong>declarare</strong></span> <span class='ocrx_word' id='word_1_260' title='bbox 1331 3928 1514 3993; x_wconf 86' lang='lat' dir='ltr'><strong>nixus</strong></span> <span class='ocrx_word' id='word_1_261' title='bbox 1567 3931 1696 3993; x_wconf 86' lang='lat' dir='ltr'><strong>est:</strong></span> <span class='ocrx_word' id='word_1_262' title='bbox 1761 3926 1927 3993; x_wconf 88' lang='lat' dir='ltr'><strong>sicut</strong></span> <span class='ocrx_word' id='word_1_263' title='bbox 1989 3926 2135 3994; x_wconf 89' lang='lat' dir='ltr'><strong>huic</strong></span> <span class='ocrx_word' id='word_1_264' title='bbox 2200 3927 2457 3993; x_wconf 89' lang='lat' dir='ltr'><strong>consilio</strong></span> <span class='ocrx_word' id='word_1_265' title='bbox 2518 3946 2632 4011; x_wconf 92' lang='lat' dir='ltr'><strong>per</strong></span> <span class='ocrx_word' id='word_1_266' title='bbox 2674 3926 3015 3995; x_wconf 84' lang='lat' dir='ltr'><strong>Serenissi-</strong></span> 
     </span>
     <span class='ocr_line' id='line_1_32' title="bbox 669 4029 3011 4113; baseline -0.001 -14"><span class='ocrx_word' id='word_1_267' title='bbox 669 4051 843 4099; x_wconf 91' lang='lat' dir='ltr'><strong>mum</strong></span> <span class='ocrx_word' id='word_1_268' title='bbox 885 4032 1223 4098; x_wconf 88' lang='lat' dir='ltr'><strong>Dominum</strong></span> <span class='ocrx_word' id='word_1_269' title='bbox 1260 4032 1481 4098; x_wconf 84' lang='lat' dir='ltr'><strong>ducem</strong></span> <span class='ocrx_word' id='word_1_270' title='bbox 1526 4029 1908 4113; x_wconf 86' lang='lat' dir='ltr'><strong>explicatum</strong></span> <span class='ocrx_word' id='word_1_271' title='bbox 1954 4032 2071 4095; x_wconf 89' lang='lat' dir='ltr'><strong>est.</strong></span> <span class='ocrx_word' id='word_1_272' title='bbox 2143 4029 2377 4096; x_wconf 88' lang='lat' dir='ltr'><strong>Iccirco</strong></span> <span class='ocrx_word' id='word_1_273' title='bbox 2420 4031 2597 4096; x_wconf 87' lang='lat' dir='ltr'><strong>vadit</strong></span> <span class='ocrx_word' id='word_1_274' title='bbox 2636 4047 2787 4113; x_wconf 84' lang='lat' dir='ltr'><strong>pars</strong></span> <span class='ocrx_word' id='word_1_275' title='bbox 2844 4031 3011 4112; x_wconf 88' lang='lat' dir='ltr'><strong>quod</strong></span> 
     </span>
     <span class='ocr_line' id='line_1_33' title="bbox 666 4132 2979 4216; baseline -0.002 -14"><span class='ocrx_word' id='word_1_276' title='bbox 666 4136 868 4203; x_wconf 89' lang='lat' dir='ltr'><strong>eidem</strong></span> <span class='ocrx_word' id='word_1_277' title='bbox 920 4134 1180 4201; x_wconf 88' lang='lat' dir='ltr'><strong>Oratori</strong></span> <span class='ocrx_word' id='word_1_278' title='bbox 1225 4133 1395 4201; x_wconf 91' lang='lat' dir='ltr'><strong>circa</strong></span> <span class='ocrx_word' id='word_1_279' title='bbox 1435 4137 1770 4216; x_wconf 86' lang='lat' dir='ltr'><strong>utramque</strong></span> <span class='ocrx_word' id='word_1_280' title='bbox 1810 4134 2059 4215; x_wconf 88' lang='lat' dir='ltr'><strong>partem</strong></span> <span class='ocrx_word' id='word_1_281' title='bbox 2101 4132 2353 4198; x_wconf 84' lang='lat' dir='ltr'><strong>dicatur</strong></span> <span class='ocrx_word' id='word_1_282' title='bbox 2393 4133 2461 4198; x_wconf 87' lang='lat' dir='ltr'><strong>in</strong></span> <span class='ocrx_word' id='word_1_283' title='bbox 2504 4133 2670 4199; x_wconf 90' lang='grc'><strong>1111110</strong></span> <span class='ocrx_word' id='word_1_284' title='bbox 2711 4132 2979 4199; x_wconf 85' lang='grc'><strong>11101111111.</strong></span> 
     </span>
    </p>
   </div>
   <div class='ocr_carea' id='block_1_6' title="bbox 628 4250 3010 4647">
    <p class='ocr_par' dir='ltr' id='par_1_6' title="bbox 663 4250 3010 4545">
     <span class='ocr_line' id='line_1_34' title="bbox 868 4250 3010 4337; baseline -0.002 -15"><span class='ocrx_word' id='word_1_285' title='bbox 868 4255 1051 4335; x_wconf 83' lang='lat' dir='ltr'><strong>Quod</strong></span> <span class='ocrx_word' id='word_1_286' title='bbox 1095 4254 1268 4321; x_wconf 85' lang='lat' dir='ltr'><strong>ultra</strong></span> <span class='ocrx_word' id='word_1_287' title='bbox 1311 4272 1388 4321; x_wconf 89' lang='lat' dir='ltr'><strong>ea</strong></span> <span class='ocrx_word' id='word_1_288' title='bbox 1432 4270 1558 4337; x_wconf 90' lang='lat' dir='ltr'><strong>que</strong></span> <span class='ocrx_word' id='word_1_289' title='bbox 1599 4252 1903 4337; x_wconf 84' lang='lat' dir='ltr'><strong>proximis</strong></span> <span class='ocrx_word' id='word_1_290' title='bbox 1965 4250 2185 4318; x_wconf 89' lang='lat' dir='ltr'><strong>diebus</strong></span> <span class='ocrx_word' id='word_1_291' title='bbox 2243 4250 2719 4335; x_wconf 81' lang='lat' dir='ltr'><strong>Magnificencie</strong></span> <span class='ocrx_word' id='word_1_292' title='bbox 2754 4268 2872 4317; x_wconf 87' lang='lat' dir='ltr'><strong>sue</strong></span> <span class='ocrx_word' id='word_1_293' title='bbox 2916 4252 3010 4318; x_wconf 89' lang='lat' dir='ltr'><strong>di-</strong></span> 
     </span>
     <span class='ocr_line' id='line_1_35' title="bbox 665 4354 3009 4440; baseline -0.001 -16"><span class='ocrx_word' id='word_1_294' title='bbox 665 4358 872 4424; x_wconf 87' lang='lat' dir='ltr'><strong>ximus</strong></span> <span class='ocrx_word' id='word_1_295' title='bbox 914 4359 996 4425; x_wconf 85' lang='lat' dir='ltr'><strong>de</strong></span> <span class='ocrx_word' id='word_1_296' title='bbox 1038 4357 1247 4424; x_wconf 87' lang='lat' dir='ltr'><strong>causis</strong></span> <span class='ocrx_word' id='word_1_297' title='bbox 1289 4376 1414 4440; x_wconf 88' lang='lat' dir='ltr'><strong>que</strong></span> <span class='ocrx_word' id='word_1_298' title='bbox 1456 4375 1570 4424; x_wconf 90' lang='lat' dir='ltr'><strong>nos</strong></span> <span class='ocrx_word' id='word_1_299' title='bbox 1607 4359 1958 4437; x_wconf 84' lang='lat' dir='ltr'><strong>moverunt,</strong></span> <span class='ocrx_word' id='word_1_300' title='bbox 2016 4359 2083 4421; x_wconf 95' lang='lat' dir='ltr'><strong>et</strong></span> <span class='ocrx_word' id='word_1_301' title='bbox 2123 4355 2203 4421; x_wconf 84' lang='lat' dir='ltr'><strong>de</strong></span> <span class='ocrx_word' id='word_1_302' title='bbox 2247 4358 2469 4422; x_wconf 87' lang='lat' dir='ltr'><strong>nostra</strong></span> <span class='ocrx_word' id='word_1_303' title='bbox 2510 4354 2797 4437; x_wconf 90' lang='lat' dir='ltr'><strong>opinione</strong></span> <span class='ocrx_word' id='word_1_304' title='bbox 2841 4355 3009 4422; x_wconf 86' lang='lat' dir='ltr'><strong>circa</strong></span> 
     </span>
     <span class='ocr_line' id='line_1_36' title="bbox 663 4458 3006 4545; baseline -0.001 -18"><span class='ocrx_word' id='word_1_305' title='bbox 663 4462 980 4545; x_wconf 76' lang='lat' dir='ltr'><strong>practicae</strong></span> <span class='ocrx_word' id='word_1_306' title='bbox 1022 4460 1388 4542; x_wconf 86' lang='lat' dir='ltr'><strong>infidelium,</strong></span> <span class='ocrx_word' id='word_1_307' title='bbox 1453 4459 1679 4544; x_wconf 87' lang='lat' dir='ltr'><strong>quibus</strong></span> <span class='ocrx_word' id='word_1_308' title='bbox 1744 4458 1902 4525; x_wconf 90' lang='lat' dir='ltr'><strong>satis</strong></span> <span class='ocrx_word' id='word_1_309' title='bbox 1958 4458 2287 4541; x_wconf 86' lang='lat' dir='ltr'><strong>perspicue</strong></span> <span class='ocrx_word' id='word_1_310' title='bbox 2327 4458 2539 4539; x_wconf 90' lang='lat' dir='ltr'><strong>potuit</strong></span> <span class='ocrx_word' id='word_1_311' title='bbox 2580 4462 2851 4523; x_wconf 90' lang='lat' dir='ltr'><strong>mentem</strong></span> <span class='ocrx_word' id='word_1_312' title='bbox 2894 4475 3006 4524; x_wconf 91' lang='lat' dir='ltr'><strong>no-</strong></span> 
     </span>
    </p>

    <p class='ocr_par' dir='ltr' id='par_1_7' title="bbox 628 4558 3006 4647">
     <span class='ocr_line' id='line_1_37' title="bbox 628 4558 3006 4647; baseline -0.003 -15"><span class='ocrx_word' id='word_1_313' title='bbox 628 4570 860 4632; x_wconf 85' lang='lat' dir='ltr'><strong>·stram</strong></span> <span class='ocrx_word' id='word_1_314' title='bbox 904 4564 1258 4647; x_wconf 80' lang='lat' dir='ltr'><strong>intelligere</strong></span> <span class='ocrx_word' id='word_1_315' title='bbox 1297 4568 1364 4629; x_wconf 90' lang='lat' dir='ltr'><strong>et</strong></span> <span class='ocrx_word' id='word_1_316' title='bbox 1406 4563 1929 4631; x_wconf 68' lang='lat' dir='ltr'><strong>existimationem</strong></span> <span class='ocrx_word' id='word_1_317' title='bbox 1970 4580 2157 4643; x_wconf 88' lang='lat' dir='ltr'><strong>quam</strong></span> <span class='ocrx_word' id='word_1_318' title='bbox 2220 4558 2300 4628; x_wconf 86' lang='lat' dir='ltr'><strong>de</strong></span> <span class='ocrx_word' id='word_1_319' title='bbox 2362 4560 2543 4644; x_wconf 81' lang='lat' dir='ltr'><strong>regia</strong></span> <span class='ocrx_word' id='word_1_320' title='bbox 2583 4560 2897 4627; x_wconf 84' lang='lat' dir='ltr'><strong>sententia</strong></span> <span class='ocrx_word' id='word_1_321' title='bbox 2940 4564 3006 4626; x_wconf 89' lang='lat' dir='ltr'><strong>et</strong></span> 
     </span>
    </p>
   </div>
  </div>
 </body>
</html>
