<?xml version="1.0" encoding="UTF-8"?>
<!DOCTYPE html PUBLIC "-//W3C//DTD XHTML 1.0 Transitional//EN"
    "http://www.w3.org/TR/xhtml1/DTD/xhtml1-transitional.dtd">
<html xmlns="http://www.w3.org/1999/xhtml" xml:lang="en" lang="en">
 <head>
  <title>
</title>
<meta http-equiv="Content-Type" content="text/html;charset=utf-8" />
  <meta name='ocr-system' content='tesseract 3.04.00' />
  <meta name='ocr-capabilities' content='ocr_page ocr_carea ocr_par ocr_line ocrx_word'/>
</head>
<body>
  <div class='ocr_page' id='page_1' title='image "./fontesrerumpolo00unkngoog_0059.png"; bbox 0 0 3793 5187; ppageno 0'>
   <div class='ocr_carea' id='block_1_1' title="bbox 1889 518 1973 580">
    <p class='ocr_par' dir='ltr' id='par_1_1' title="bbox 1889 518 1973 580">
     <span class='ocr_line' id='line_1_1' title="bbox 1889 518 1973 580; baseline 0.012 -1"><span class='ocrx_word' id='word_1_1' title='bbox 1889 518 1973 580; x_wconf 78' lang='lat'>52</span> 
     </span>
    </p>
   </div>
   <div class='ocr_carea' id='block_1_2' title="bbox 1721 603 2133 612">
    <p class='ocr_par' dir='ltr' id='par_1_2' title="bbox 1721 603 2133 612">
     <span class='ocr_line' id='line_1_2' title="bbox 1721 603 2133 612; baseline 0 0"><span class='ocrx_word' id='word_1_2' title='bbox 1721 603 2133 612; x_wconf 95' lang='lat' dir='ltr'> </span> 
     </span>
    </p>
   </div>
   <div class='ocr_carea' id='block_1_3' title="bbox 758 717 3101 2226">
    <p class='ocr_par' dir='ltr' id='par_1_3' title="bbox 758 717 3101 2226">
     <span class='ocr_line' id='line_1_3' title="bbox 759 717 3098 802; baseline -0 -17"><span class='ocrx_word' id='word_1_3' title='bbox 759 740 870 802; x_wconf 90' lang='lat' dir='ltr'>per</span> <span class='ocrx_word' id='word_1_4' title='bbox 911 720 1185 786; x_wconf 86' lang='lat' dir='ltr'>medium</span> <span class='ocrx_word' id='word_1_5' title='bbox 1227 720 1461 786; x_wconf 90' lang='lat' dir='ltr'>domini</span> <span class='ocrx_word' id='word_1_6' title='bbox 1501 718 1688 802; x_wconf 89' lang='lat' dir='ltr'>Pape,</span> <span class='ocrx_word' id='word_1_7' title='bbox 1753 723 1818 786; x_wconf 84' lang='lat' dir='ltr'>et</span> <span class='ocrx_word' id='word_1_8' title='bbox 1873 720 2140 787; x_wconf 87' lang='lat' dir='ltr'>aliorum</span> <span class='ocrx_word' id='word_1_9' title='bbox 2196 719 2602 800; x_wconf 86' lang='lat' dir='ltr'>dominorum,</span> <span class='ocrx_word' id='word_1_10' title='bbox 2678 738 2788 802; x_wconf 88' lang='lat' dir='ltr'>per</span> <span class='ocrx_word' id='word_1_11' title='bbox 2828 717 3098 784; x_wconf 85' lang='lat' dir='ltr'>medium</span> 
     </span>
     <span class='ocr_line' id='line_1_4' title="bbox 761 821 3097 906; baseline -0.001 -17"><span class='ocrx_word' id='word_1_12' title='bbox 761 841 1044 906; x_wconf 87' lang='lat' dir='ltr'>quorum,</span> <span class='ocrx_word' id='word_1_13' title='bbox 1089 822 1458 889; x_wconf 82' lang='lat' dir='ltr'><strong>multociens</strong></span> <span class='ocrx_word' id='word_1_14' title='bbox 1499 821 1620 888; x_wconf 84' lang='lat' dir='ltr'>fuit</span> <span class='ocrx_word' id='word_1_15' title='bbox 1661 821 1827 889; x_wconf 87' lang='lat' dir='ltr'>facta</span> <span class='ocrx_word' id='word_1_16' title='bbox 1869 823 2111 906; x_wconf 85' lang='lat' dir='ltr'>pratica</span> <span class='ocrx_word' id='word_1_17' title='bbox 2154 823 2319 888; x_wconf 91' lang='lat' dir='ltr'>dicte</span> <span class='ocrx_word' id='word_1_18' title='bbox 2361 826 2639 904; x_wconf 79' lang='lat' dir='ltr'>treugae,</span> <span class='ocrx_word' id='word_1_19' title='bbox 2686 827 2759 887; x_wconf 93' lang='lat' dir='ltr'>ut</span> <span class='ocrx_word' id='word_1_20' title='bbox 2796 825 2894 887; x_wconf 88' lang='lat' dir='ltr'>est</span> <span class='ocrx_word' id='word_1_21' title='bbox 2920 824 3097 887; x_wconf 86' lang='lat' dir='ltr'>noto-</span> 
     </span>
     <span class='ocr_line' id='line_1_5' title="bbox 761 924 3096 1008; baseline -0.001 -17"><span class='ocrx_word' id='word_1_22' title='bbox 761 926 942 1005; x_wconf 89' lang='lat' dir='ltr'>rium,</span> <span class='ocrx_word' id='word_1_23' title='bbox 991 943 1312 1008; x_wconf 88' lang='lat' dir='ltr'>nunquam</span> <span class='ocrx_word' id='word_1_24' title='bbox 1354 924 1660 991; x_wconf 89' lang='lat' dir='ltr'>voluimus</span> <span class='ocrx_word' id='word_1_25' title='bbox 1711 927 2197 992; x_wconf 83' lang='lat' dir='ltr'>condescendere</span> <span class='ocrx_word' id='word_1_26' title='bbox 2238 926 2319 991; x_wconf 87' lang='lat' dir='ltr'>ad</span> <span class='ocrx_word' id='word_1_27' title='bbox 2362 924 2708 991; x_wconf 86' lang='lat' dir='ltr'>faciendum</span> <span class='ocrx_word' id='word_1_28' title='bbox 2753 929 3096 1007; x_wconf 80' lang='lat' dir='ltr'>treuguam,</span> 
     </span>
     <span class='ocr_line' id='line_1_6' title="bbox 758 1026 3101 1111; baseline -0.001 -18"><span class='ocrx_word' id='word_1_29' title='bbox 758 1047 872 1111; x_wconf 89' lang='lat' dir='ltr'>pro</span> <span class='ocrx_word' id='word_1_30' title='bbox 915 1029 1139 1094; x_wconf 87' lang='lat' dir='ltr'>minori</span> <span class='ocrx_word' id='word_1_31' title='bbox 1198 1034 1476 1111; x_wconf 87' lang='lat' dir='ltr'>tempore</span> <span class='ocrx_word' id='word_1_32' title='bbox 1535 1028 1613 1094; x_wconf 94' lang='lat' dir='ltr'>de</span> <span class='ocrx_word' id='word_1_33' title='bbox 1669 1027 1850 1094; x_wconf 89' lang='lat' dir='ltr'>annis</span> <span class='ocrx_word' id='word_1_34' title='bbox 1893 1029 2183 1111; x_wconf 89' lang='lat' dir='ltr'>quinque.</span> <span class='ocrx_word' id='word_1_35' title='bbox 2261 1027 2713 1094; x_wconf 89' lang='lat' dir='ltr'>Nichilominus</span> <span class='ocrx_word' id='word_1_36' title='bbox 2765 1026 2999 1092; x_wconf 89' lang='lat' dir='ltr'>intuitu</span> <span class='ocrx_word' id='word_1_37' title='bbox 3036 1031 3101 1092; x_wconf 91' lang='lat' dir='ltr'>et</span> 
     </span>
     <span class='ocr_line' id='line_1_7' title="bbox 763 1126 3101 1214; baseline -0.001 -18"><span class='ocrx_word' id='word_1_38' title='bbox 763 1130 1284 1213; x_wconf 83' lang='lat' dir='ltr'>contemplatione</span> <span class='ocrx_word' id='word_1_39' title='bbox 1343 1130 1538 1214; x_wconf 90' lang='lat' dir='ltr'>Regie</span> <span class='ocrx_word' id='word_1_40' title='bbox 1579 1129 1930 1196; x_wconf 82' lang='lat' dir='ltr'>Maiestatis</span> <span class='ocrx_word' id='word_1_41' title='bbox 1972 1131 2142 1196; x_wconf 89' lang='lat' dir='ltr'>illius</span> <span class='ocrx_word' id='word_1_42' title='bbox 2190 1129 2578 1196; x_wconf 86' lang='lat' dir='ltr'>Serenissimi</span> <span class='ocrx_word' id='word_1_43' title='bbox 2638 1126 2869 1196; x_wconf 85' lang='lat' dir='ltr'>domini</span> <span class='ocrx_word' id='word_1_44' title='bbox 2916 1129 3101 1212; x_wconf 86' lang='lat' dir='ltr'>Regis</span> 
     </span>
     <span class='ocr_line' id='line_1_8' title="bbox 761 1232 3099 1314; baseline 0 -17"><span class='ocrx_word' id='word_1_45' title='bbox 761 1232 1010 1313; x_wconf 87' lang='lat' dir='ltr'>Polane,</span> <span class='ocrx_word' id='word_1_46' title='bbox 1073 1233 1250 1299; x_wconf 90' lang='lat' dir='ltr'>cuius</span> <span class='ocrx_word' id='word_1_47' title='bbox 1303 1251 1516 1298; x_wconf 90' lang='lat' dir='ltr'>sumus</span> <span class='ocrx_word' id='word_1_48' title='bbox 1559 1232 1705 1297; x_wconf 88' lang='lat' dir='ltr'>boni</span> <span class='ocrx_word' id='word_1_49' title='bbox 1749 1238 1814 1298; x_wconf 91' lang='lat' dir='ltr'>et</span> <span class='ocrx_word' id='word_1_50' title='bbox 1855 1234 1985 1298; x_wconf 74' lang='lat' dir='ltr'>veri</span> <span class='ocrx_word' id='word_1_51' title='bbox 2027 1233 2227 1313; x_wconf 88' lang='lat' dir='ltr'>amici,</span> <span class='ocrx_word' id='word_1_52' title='bbox 2283 1251 2496 1299; x_wconf 87' lang='lat' dir='ltr'>sumus</span> <span class='ocrx_word' id='word_1_53' title='bbox 2542 1233 2818 1299; x_wconf 85' lang='lat' dir='ltr'>contenti</span> <span class='ocrx_word' id='word_1_54' title='bbox 2862 1237 2927 1298; x_wconf 89' lang='lat' dir='ltr'>et</span> <span class='ocrx_word' id='word_1_55' title='bbox 2968 1232 3099 1314; x_wconf 87' lang='lat' dir='ltr'>pla-</span> 
     </span>
     <span class='ocr_line' id='line_1_9' title="bbox 763 1334 3100 1418; baseline -0.001 -16"><span class='ocrx_word' id='word_1_56' title='bbox 763 1341 862 1402; x_wconf 86' lang='lat' dir='ltr'>cet</span> <span class='ocrx_word' id='word_1_57' title='bbox 921 1334 1116 1416; x_wconf 78' lang='lat' dir='ltr'>nobiS,</span> <span class='ocrx_word' id='word_1_58' title='bbox 1185 1336 1350 1418; x_wconf 90' lang='lat' dir='ltr'>quod</span> <span class='ocrx_word' id='word_1_59' title='bbox 1413 1335 1861 1400; x_wconf 86' lang='lat' dir='ltr'>condescendas</span> <span class='ocrx_word' id='word_1_60' title='bbox 1926 1337 2007 1401; x_wconf 88' lang='lat' dir='ltr'>ad</span> <span class='ocrx_word' id='word_1_61' title='bbox 2076 1335 2447 1401; x_wconf 89' lang='lat' dir='ltr'>firmandum</span> <span class='ocrx_word' id='word_1_62' title='bbox 2507 1342 2573 1400; x_wconf 90' lang='lat' dir='ltr'>et</span> <span class='ocrx_word' id='word_1_63' title='bbox 2615 1335 3100 1402; x_wconf 87' lang='lat' dir='ltr'>concludendum</span> 
     </span>
     <span class='ocr_line' id='line_1_10' title="bbox 761 1437 3097 1521; baseline -0 -18"><span class='ocrx_word' id='word_1_64' title='bbox 761 1442 1088 1521; x_wconf 84' lang='lat' dir='ltr'>treuguam</span> <span class='ocrx_word' id='word_1_65' title='bbox 1131 1456 1243 1520; x_wconf 89' lang='lat' dir='ltr'>per</span> <span class='ocrx_word' id='word_1_66' title='bbox 1270 1455 1466 1503; x_wconf 86' lang='lat' dir='ltr'>annos</span> <span class='ocrx_word' id='word_1_67' title='bbox 1495 1442 1624 1503; x_wconf 90' lang='lat' dir='ltr'>tres</span> <span class='ocrx_word' id='word_1_68' title='bbox 1655 1438 1750 1503; x_wconf 92' lang='lat' dir='ltr'>vel</span> <span class='ocrx_word' id='word_1_69' title='bbox 1779 1439 1923 1504; x_wconf 90' lang='lat' dir='ltr'>inde</span> <span class='ocrx_word' id='word_1_70' title='bbox 1952 1457 2157 1520; x_wconf 71' lang='lat' dir='ltr'>supra,</span> <span class='ocrx_word' id='word_1_71' title='bbox 2203 1442 2279 1503; x_wconf 91' lang='lat' dir='ltr'>ut</span> <span class='ocrx_word' id='word_1_72' title='bbox 2322 1438 2439 1504; x_wconf 91' lang='lat' dir='ltr'>tibi</span> <span class='ocrx_word' id='word_1_73' title='bbox 2464 1437 2686 1504; x_wconf 89' lang='lat' dir='ltr'>fuisset</span> <span class='ocrx_word' id='word_1_74' title='bbox 2713 1437 2927 1504; x_wconf 87' lang='lat' dir='ltr'>oblata</span> <span class='ocrx_word' id='word_1_75' title='bbox 2959 1457 3097 1504; x_wconf 90' lang='lat' dir='ltr'>cum</span> 
     </span>
     <span class='ocr_line' id='line_1_11' title="bbox 759 1540 3101 1620; baseline 0 -14"><span class='ocrx_word' id='word_1_76' title='bbox 759 1541 902 1607; x_wconf 88' lang='lat' dir='ltr'>aliis</span> <span class='ocrx_word' id='word_1_77' title='bbox 945 1541 1145 1606; x_wconf 88' lang='lat' dir='ltr'>modis</span> <span class='ocrx_word' id='word_1_78' title='bbox 1187 1544 1252 1606; x_wconf 89' lang='lat' dir='ltr'>et</span> <span class='ocrx_word' id='word_1_79' title='bbox 1289 1540 1744 1606; x_wconf 89' lang='lat' dir='ltr'>conditionibus</span> <span class='ocrx_word' id='word_1_80' title='bbox 1790 1541 1905 1607; x_wconf 90' lang='lat' dir='ltr'>tibi</span> <span class='ocrx_word' id='word_1_81' title='bbox 1948 1541 2307 1607; x_wconf 87' lang='lat' dir='ltr'>commissis.</span> <span class='ocrx_word' id='word_1_82' title='bbox 2386 1541 2643 1620; x_wconf 83' lang='lat' dir='ltr'>Quando</span> <span class='ocrx_word' id='word_1_83' title='bbox 2695 1544 2901 1606; x_wconf 88' lang='lat' dir='ltr'>autem</span> <span class='ocrx_word' id='word_1_84' title='bbox 2953 1541 3101 1607; x_wconf 89' lang='lat' dir='ltr'>licet</span> 
     </span>
     <span class='ocr_line' id='line_1_12' title="bbox 760 1642 3099 1726; baseline 0 -18"><span class='ocrx_word' id='word_1_85' title='bbox 760 1643 1046 1709; x_wconf 90' lang='lat' dir='ltr'>dominus</span> <span class='ocrx_word' id='word_1_86' title='bbox 1089 1643 1221 1709; x_wconf 85' lang='lat' dir='ltr'>Rex</span> <span class='ocrx_word' id='word_1_87' title='bbox 1263 1643 1677 1708; x_wconf 87' lang='lat' dir='ltr'>Romanorum</span> <span class='ocrx_word' id='word_1_88' title='bbox 1724 1643 2109 1726; x_wconf 85' lang='lat' dir='ltr'>promisisset</span> <span class='ocrx_word' id='word_1_89' title='bbox 2152 1645 2217 1709; x_wconf 90' lang='lat' dir='ltr'>in</span> <span class='ocrx_word' id='word_1_90' title='bbox 2260 1643 2517 1725; x_wconf 87' lang='lat' dir='ltr'>praticis</span> <span class='ocrx_word' id='word_1_91' title='bbox 2560 1642 2791 1710; x_wconf 89' lang='lat' dir='ltr'>habitis</span> <span class='ocrx_word' id='word_1_92' title='bbox 2819 1644 2978 1709; x_wconf 88' lang='lat' dir='ltr'>velle</span> <span class='ocrx_word' id='word_1_93' title='bbox 3010 1643 3099 1709; x_wconf 84' lang='lat' dir='ltr'>fa·</span> 
     </span>
     <span class='ocr_line' id='line_1_13' title="bbox 763 1745 3101 1829; baseline -0.001 -15"><span class='ocrx_word' id='word_1_94' title='bbox 763 1765 902 1814; x_wconf 89' lang='lat' dir='ltr'>cere</span> <span class='ocrx_word' id='word_1_95' title='bbox 946 1747 1174 1812; x_wconf 83' lang='lat' dir='ltr'>dictam</span> <span class='ocrx_word' id='word_1_96' title='bbox 1221 1751 1546 1829; x_wconf 81' lang='lat' dir='ltr'>treuguam</span> <span class='ocrx_word' id='word_1_97' title='bbox 1591 1765 1700 1828; x_wconf 87' lang='lat' dir='ltr'>per</span> <span class='ocrx_word' id='word_1_98' title='bbox 1743 1753 1872 1812; x_wconf 90' lang='lat' dir='ltr'>tres</span> <span class='ocrx_word' id='word_1_99' title='bbox 1914 1765 2129 1828; x_wconf 80' lang='lat' dir='ltr'>annoS,</span> <span class='ocrx_word' id='word_1_100' title='bbox 2190 1753 2544 1814; x_wconf 89' lang='lat' dir='ltr'>occurreret</span> <span class='ocrx_word' id='word_1_101' title='bbox 2600 1747 2765 1829; x_wconf 91' lang='lat' dir='ltr'>quod</span> <span class='ocrx_word' id='word_1_102' title='bbox 2808 1747 2889 1812; x_wconf 88' lang='lat' dir='ltr'>ad</span> <span class='ocrx_word' id='word_1_103' title='bbox 2930 1745 3101 1812; x_wconf 85' lang='lat' dir='ltr'>illam</span> 
     </span>
     <span class='ocr_line' id='line_1_14' title="bbox 759 1849 3101 1932; baseline -0.001 -16"><span class='ocrx_word' id='word_1_104' title='bbox 759 1850 1293 1930; x_wconf 82' lang='lat' dir='ltr'>condescendereS,</span> <span class='ocrx_word' id='word_1_105' title='bbox 1339 1853 1404 1914; x_wconf 90' lang='lat' dir='ltr'>et</span> <span class='ocrx_word' id='word_1_106' title='bbox 1445 1849 1579 1931; x_wconf 90' lang='lat' dir='ltr'>ipse</span> <span class='ocrx_word' id='word_1_107' title='bbox 1620 1849 1753 1914; x_wconf 88' lang='lat' dir='ltr'>Rex</span> <span class='ocrx_word' id='word_1_108' title='bbox 1796 1849 2216 1916; x_wconf 87' lang='lat' dir='ltr'>Romanorum</span> <span class='ocrx_word' id='word_1_109' title='bbox 2253 1850 2424 1915; x_wconf 90' lang='lat' dir='ltr'>nolet</span> <span class='ocrx_word' id='word_1_110' title='bbox 2466 1849 2547 1915; x_wconf 88' lang='lat' dir='ltr'>ad</span> <span class='ocrx_word' id='word_1_111' title='bbox 2591 1849 2825 1915; x_wconf 91' lang='lat' dir='ltr'>dictum</span> <span class='ocrx_word' id='word_1_112' title='bbox 2857 1855 3101 1932; x_wconf 86' lang='lat' dir='ltr'>tempus</span> 
     </span>
     <span class='ocr_line' id='line_1_15' title="bbox 760 1951 3099 2034; baseline 0.001 -18"><span class='ocrx_word' id='word_1_113' title='bbox 760 1951 950 2017; x_wconf 88' lang='lat' dir='ltr'>trium</span> <span class='ocrx_word' id='word_1_114' title='bbox 992 1970 1294 2016; x_wconf 88' lang='lat' dir='ltr'>annorum</span> <span class='ocrx_word' id='word_1_115' title='bbox 1338 1951 1838 2031; x_wconf 88' lang='lat' dir='ltr'>condescendere,</span> <span class='ocrx_word' id='word_1_116' title='bbox 1902 1953 2051 2034; x_wconf 88' lang='lat' dir='ltr'>quia</span> <span class='ocrx_word' id='word_1_117' title='bbox 2103 1953 2368 2020; x_wconf 90' lang='lat' dir='ltr'>intentio</span> <span class='ocrx_word' id='word_1_118' title='bbox 2411 1958 2625 2019; x_wconf 82' lang='lat' dir='ltr'>nostra</span> <span class='ocrx_word' id='word_1_119' title='bbox 2666 1957 2781 2032; x_wconf 88' lang='lat' dir='ltr'>est,</span> <span class='ocrx_word' id='word_1_120' title='bbox 2828 1972 2951 2018; x_wconf 90' lang='lat' dir='ltr'>non</span> <span class='ocrx_word' id='word_1_121' title='bbox 2995 1953 3099 2018; x_wconf 89' lang='lat' dir='ltr'>de-</span> 
     </span>
     <span class='ocr_line' id='line_1_16' title="bbox 759 2053 3099 2138; baseline -0 -18"><span class='ocrx_word' id='word_1_122' title='bbox 759 2053 990 2120; x_wconf 86' lang='lat' dir='ltr'>clinare</span> <span class='ocrx_word' id='word_1_123' title='bbox 1046 2072 1158 2120; x_wconf 90' lang='lat' dir='ltr'>nec</span> <span class='ocrx_word' id='word_1_124' title='bbox 1208 2054 1690 2121; x_wconf 90' lang='lat' dir='ltr'>condescendere</span> <span class='ocrx_word' id='word_1_125' title='bbox 1743 2053 1823 2119; x_wconf 86' lang='lat' dir='ltr'>ad</span> <span class='ocrx_word' id='word_1_126' title='bbox 1866 2055 2073 2121; x_wconf 88' lang='lat' dir='ltr'>minus</span> <span class='ocrx_word' id='word_1_127' title='bbox 2118 2061 2361 2137; x_wconf 90' lang='lat' dir='ltr'>tempus</span> <span class='ocrx_word' id='word_1_128' title='bbox 2405 2055 2483 2122; x_wconf 90' lang='lat' dir='ltr'>de</span> <span class='ocrx_word' id='word_1_129' title='bbox 2530 2055 2732 2121; x_wconf 86' lang='lat' dir='ltr'>tribus</span> <span class='ocrx_word' id='word_1_130' title='bbox 2775 2055 2975 2138; x_wconf 80' lang='lat' dir='ltr'>anniS,</span> <span class='ocrx_word' id='word_1_131' title='bbox 3033 2054 3099 2119; x_wconf 92' lang='lat' dir='ltr'>in</span> 
     </span>
     <span class='ocr_line' id='line_1_17' title="bbox 759 2155 2825 2226; baseline 0 -5"><span class='ocrx_word' id='word_1_132' title='bbox 759 2155 877 2223; x_wconf 89' lang='lat' dir='ltr'>hoc</span> <span class='ocrx_word' id='word_1_133' title='bbox 921 2175 1070 2222; x_wconf 87' lang='lat' dir='ltr'>casu</span> <span class='ocrx_word' id='word_1_134' title='bbox 1109 2155 1334 2222; x_wconf 86' lang='lat' dir='ltr'>debeas</span> <span class='ocrx_word' id='word_1_135' title='bbox 1377 2157 1604 2222; x_wconf 85' lang='lat' dir='ltr'>reverti</span> <span class='ocrx_word' id='word_1_136' title='bbox 1648 2156 1945 2223; x_wconf 88' lang='lat' dir='ltr'>Venetias</span> <span class='ocrx_word' id='word_1_137' title='bbox 1989 2158 2069 2224; x_wconf 91' lang='lat' dir='ltr'>de</span> <span class='ocrx_word' id='word_1_138' title='bbox 2108 2158 2395 2226; x_wconf 91' lang='lat' dir='ltr'>omnibus</span> <span class='ocrx_word' id='word_1_139' title='bbox 2439 2158 2825 2225; x_wconf 78' lang='lat' dir='ltr'>informatus</span> 
     </span>
    </p>
   </div>
   <div class='ocr_carea' id='block_1_4' title="bbox 1015 2275 1588 2546">
    <p class='ocr_par' dir='ltr' id='par_1_4' title="bbox 1015 2275 1588 2546">
     <span class='ocr_line' id='line_1_18' title="bbox 1015 2275 1586 2356; baseline 0.002 -17"><span class='ocrx_word' id='word_1_140' title='bbox 1015 2349 1017 2352; x_wconf 8' lang='grc' dir='ltr'><em>Α</em></span> <span class='ocrx_word' id='word_1_141' title='bbox 1062 2275 1156 2341; x_wconf 90' lang='lat' dir='ltr'>De</span> <span class='ocrx_word' id='word_1_142' title='bbox 1198 2278 1375 2356; x_wconf 85' lang='lat' dir='ltr'>parte</span> <span class='ocrx_word' id='word_1_143' title='bbox 1482 2279 1586 2340; x_wconf 84' lang='lat'>83.</span> 
     </span>
     <span class='ocr_line' id='line_1_19' title="bbox 1063 2377 1584 2443; baseline 0 -1"><span class='ocrx_word' id='word_1_144' title='bbox 1063 2377 1158 2442; x_wconf 94' lang='lat' dir='ltr'>De</span> <span class='ocrx_word' id='word_1_145' title='bbox 1201 2396 1321 2443; x_wconf 89' lang='lat' dir='ltr'>non</span> <span class='ocrx_word' id='word_1_146' title='bbox 1484 2383 1584 2442; x_wconf 83' lang='lat'>21.</span> 
     </span>
     <span class='ocr_line' id='line_1_20' title="bbox 1063 2479 1588 2546; baseline 0 -2"><span class='ocrx_word' id='word_1_147' title='bbox 1063 2479 1206 2545; x_wconf 89' lang='lat' dir='ltr'>Non</span> <span class='ocrx_word' id='word_1_148' title='bbox 1249 2479 1471 2545; x_wconf 90' lang='lat' dir='ltr'>sinceri</span> <span class='ocrx_word' id='word_1_149' title='bbox 1527 2483 1588 2546; x_wconf 88' lang='lat'>4.</span> 
     </span>
    </p>
   </div>
   <div class='ocr_carea' id='block_1_5' title="bbox 860 2614 2585 2774">
    <p class='ocr_par' dir='ltr' id='par_1_5' title="bbox 860 2614 2585 2774">
     <span class='ocr_line' id='line_1_21' title="bbox 1262 2614 2175 2685; baseline 0.001 -14"><span class='ocrx_word' id='word_1_150' title='bbox 1262 2616 1524 2681; x_wconf 73' lang='lat' dir='ltr'>(Archivio</span> <span class='ocrx_word' id='word_1_151' title='bbox 1559 2614 1617 2670; x_wconf 72' lang='lat' dir='ltr'>da·</span> <span class='ocrx_word' id='word_1_152' title='bbox 1649 2614 1802 2671; x_wconf 67' lang='lat' dir='ltr'>Staio</span> <span class='ocrx_word' id='word_1_153' title='bbox 1837 2616 1892 2670; x_wconf 76' lang='lat' dir='ltr'>in</span> <span class='ocrx_word' id='word_1_154' title='bbox 1940 2615 2175 2685; x_wconf 68' lang='lat' dir='ltr'>Venetia,</span> 
     </span>
     <span class='ocr_line' id='line_1_22' title="bbox 860 2700 2585 2774; baseline 0.001 -17"><span class='ocrx_word' id='word_1_155' title='bbox 860 2700 1301 2758; x_wconf 82' lang='lat' dir='ltr'>Deliberazioni</span> <span class='ocrx_word' id='word_1_156' title='bbox 1337 2700 1554 2759; x_wconf 81' lang='lat' dir='ltr'>Senato</span> <span class='ocrx_word' id='word_1_157' title='bbox 1594 2701 1849 2770; x_wconf 79' lang='lat' dir='ltr'>Secreto,</span> <span class='ocrx_word' id='word_1_158' title='bbox 1886 2702 2039 2773; x_wconf 84' lang='lat' dir='ltr'>Reg.</span> <span class='ocrx_word' id='word_1_159' title='bbox 2074 2702 2207 2773; x_wconf 89' lang='lat' dir='ltr'>VII,</span> <span class='ocrx_word' id='word_1_160' title='bbox 2244 2708 2409 2760; x_wconf 82' lang='lat' dir='ltr'>carte</span> <span class='ocrx_word' id='word_1_161' title='bbox 2448 2703 2585 2774; x_wconf 86' lang='lat'>101.)</span> 
     </span>
    </p>
   </div>
   <div class='ocr_carea' id='block_1_6' title="bbox 1440 3062 2416 3287">
    <p class='ocr_par' dir='ltr' id='par_1_6' title="bbox 1440 3062 2416 3287">
     <span class='ocr_line' id='line_1_23' title="bbox 1789 3062 2057 3139; baseline 0 -1"><span class='ocrx_word' id='word_1_162' title='bbox 1789 3062 2057 3139; x_wconf 85' lang='lat' dir='ltr'>XXII.</span> 
     </span>
     <span class='ocr_line' id='line_1_24' title="bbox 1440 3201 2416 3287; baseline -0.005 -17"><span class='ocrx_word' id='word_1_163' title='bbox 1440 3201 1864 3271; x_wconf 66' lang='lat' dir='ltr'>mccccxvml.</span> <span class='ocrx_word' id='word_1_164' title='bbox 1912 3201 2007 3269; x_wconf 83' lang='lat' dir='ltr'>die</span> <span class='ocrx_word' id='word_1_165' title='bbox 2048 3201 2134 3270; x_wconf 88' lang='grc' dir='ltr'>ΧΙ.</span> <span class='ocrx_word' id='word_1_166' title='bbox 2182 3202 2416 3287; x_wconf 67' lang='lat' dir='ltr'>Aqosto.</span> 
     </span>
    </p>
   </div>
   <div class='ocr_carea' id='block_1_7' title="bbox 753 3372 3096 3558">
    <p class='ocr_par' dir='ltr' id='par_1_7' title="bbox 753 3372 3096 3558">
     <span class='ocr_line' id='line_1_25' title="bbox 958 3372 3096 3456; baseline -0.001 -17"><span class='ocrx_word' id='word_1_167' title='bbox 958 3373 1312 3439; x_wconf 89' lang='lat' dir='ltr'>Sindicatus</span> <span class='ocrx_word' id='word_1_168' title='bbox 1352 3372 1419 3438; x_wconf 92' lang='lat' dir='ltr'>in</span> <span class='ocrx_word' id='word_1_169' title='bbox 1462 3390 1787 3456; x_wconf 85' lang='lat' dir='ltr'>personam</span> <span class='ocrx_word' id='word_1_170' title='bbox 1824 3372 2149 3456; x_wconf 88' lang='lat' dir='ltr'>prudentis</span> <span class='ocrx_word' id='word_1_171' title='bbox 2193 3377 2258 3438; x_wconf 92' lang='lat' dir='ltr'>et</span> <span class='ocrx_word' id='word_1_172' title='bbox 2300 3372 2597 3455; x_wconf 86' lang='lat' dir='ltr'>sapientis</span> <span class='ocrx_word' id='word_1_173' title='bbox 2636 3372 2753 3438; x_wconf 86' lang='lat' dir='ltr'>viri</span> <span class='ocrx_word' id='word_1_174' title='bbox 2783 3372 3096 3437; x_wconf 87' lang='lat' dir='ltr'>Francisci</span> 
     </span>
     <span class='ocr_line' id='line_1_26' title="bbox 753 3475 1690 3558; baseline -0.003 -15"><span class='ocrx_word' id='word_1_175' title='bbox 753 3478 832 3543; x_wconf 89' lang='lat' dir='ltr'>de</span> <span class='ocrx_word' id='word_1_176' title='bbox 871 3477 934 3542; x_wconf 86' lang='lat' dir='ltr'>la</span> <span class='ocrx_word' id='word_1_177' title='bbox 979 3475 1160 3558; x_wconf 87' lang='lat' dir='ltr'>Siega</span> <span class='ocrx_word' id='word_1_178' title='bbox 1203 3476 1431 3541; x_wconf 87' lang='lat' dir='ltr'>notarii</span> <span class='ocrx_word' id='word_1_179' title='bbox 1475 3476 1690 3542; x_wconf 88' lang='lat' dir='ltr'>nostri.</span> 
     </span>
    </p>
   </div>
   <div class='ocr_carea' id='block_1_8' title="bbox 749 3592 3097 4502">
    <p class='ocr_par' dir='ltr' id='par_1_8' title="bbox 749 3592 3097 4502">
     <span class='ocr_line' id='line_1_27' title="bbox 959 3592 3097 3661; baseline 0.001 -3"><span class='ocrx_word' id='word_1_180' title='bbox 959 3594 1032 3659; x_wconf 92' lang='lat' dir='ltr'>In</span> <span class='ocrx_word' id='word_1_181' title='bbox 1079 3592 1314 3660; x_wconf 89' lang='lat' dir='ltr'>Christi</span> <span class='ocrx_word' id='word_1_182' title='bbox 1372 3594 1620 3661; x_wconf 89' lang='lat' dir='ltr'>nomine</span> <span class='ocrx_word' id='word_1_183' title='bbox 1675 3613 1872 3661; x_wconf 90' lang='lat' dir='ltr'>amen.</span> <span class='ocrx_word' id='word_1_184' title='bbox 1963 3594 2144 3659; x_wconf 88' lang='lat' dir='ltr'>Anno</span> <span class='ocrx_word' id='word_1_185' title='bbox 2182 3594 2531 3661; x_wconf 79' lang='lat' dir='ltr'>nativitatis</span> <span class='ocrx_word' id='word_1_186' title='bbox 2582 3595 2856 3661; x_wconf 87' lang='lat' dir='ltr'>eiusdem</span> <span class='ocrx_word' id='word_1_187' title='bbox 2899 3594 3097 3661; x_wconf 87' lang='lat' dir='ltr'>mille-</span> 
     </span>
     <span class='ocr_line' id='line_1_28' title="bbox 756 3696 3095 3780; baseline -0 -16"><span class='ocrx_word' id='word_1_188' title='bbox 756 3698 912 3764; x_wconf 90' lang='lat' dir='ltr'>simo</span> <span class='ocrx_word' id='word_1_189' title='bbox 957 3696 1561 3780; x_wconf 85' lang='lat' dir='ltr'>quadringentesimo</span> <span class='ocrx_word' id='word_1_190' title='bbox 1609 3698 1842 3766; x_wconf 91' lang='lat' dir='ltr'>decimo</span> <span class='ocrx_word' id='word_1_191' title='bbox 1874 3715 2053 3776; x_wconf 88' lang='lat' dir='ltr'>nono,</span> <span class='ocrx_word' id='word_1_192' title='bbox 2094 3696 2432 3764; x_wconf 86' lang='lat' dir='ltr'>indictione</span> <span class='ocrx_word' id='word_1_193' title='bbox 2474 3698 2595 3763; x_wconf 90' lang='lat' dir='ltr'>XII</span> <span class='ocrx_word' id='word_1_194' title='bbox 2636 3698 2738 3763; x_wconf 88' lang='lat' dir='ltr'>die</span> <span class='ocrx_word' id='word_1_195' title='bbox 2773 3697 3095 3763; x_wconf 89' lang='lat' dir='ltr'>undecimo</span> 
     </span>
     <span class='ocr_line' id='line_1_29' title="bbox 761 3800 3097 3883; baseline -0.001 -16"><span class='ocrx_word' id='word_1_196' title='bbox 761 3801 990 3867; x_wconf 88' lang='lat' dir='ltr'>mensis</span> <span class='ocrx_word' id='word_1_197' title='bbox 1033 3801 1320 3883; x_wconf 88' lang='lat' dir='ltr'>Augusti.</span> <span class='ocrx_word' id='word_1_198' title='bbox 1411 3800 1683 3868; x_wconf 87' lang='lat' dir='ltr'>Illustris</span> <span class='ocrx_word' id='word_1_199' title='bbox 1725 3805 1790 3866; x_wconf 91' lang='lat' dir='ltr'>et</span> <span class='ocrx_word' id='word_1_200' title='bbox 1826 3800 2104 3866; x_wconf 83' lang='lat' dir='ltr'>excelsus</span> <span class='ocrx_word' id='word_1_201' title='bbox 2150 3800 2453 3883; x_wconf 87' lang='lat' dir='ltr'>dominus,</span> <span class='ocrx_word' id='word_1_202' title='bbox 2502 3802 2787 3867; x_wconf 88' lang='lat' dir='ltr'>dominus</span> <span class='ocrx_word' id='word_1_203' title='bbox 2830 3800 3097 3866; x_wconf 85' lang='lat' dir='ltr'>Thomas</span> 
     </span>
     <span class='ocr_line' id='line_1_30' title="bbox 760 3902 3096 3986; baseline -0.001 -15"><span class='ocrx_word' id='word_1_204' title='bbox 760 3902 1082 3986; x_wconf 89' lang='lat' dir='ltr'>Mocenigo</span> <span class='ocrx_word' id='word_1_205' title='bbox 1125 3903 1243 3970; x_wconf 90' lang='lat' dir='ltr'>Dei</span> <span class='ocrx_word' id='word_1_206' title='bbox 1284 3903 1494 3986; x_wconf 83' lang='lat' dir='ltr'>gratia</span> <span class='ocrx_word' id='word_1_207' title='bbox 1535 3903 1789 3970; x_wconf 88' lang='lat' dir='ltr'>inclitus</span> <span class='ocrx_word' id='word_1_208' title='bbox 1831 3903 1957 3968; x_wconf 86' lang='lat' dir='ltr'>dux</span> <span class='ocrx_word' id='word_1_209' title='bbox 2001 3902 2405 3970; x_wconf 80' lang='lat' dir='ltr'>venetiarum</span> <span class='ocrx_word' id='word_1_210' title='bbox 2450 3909 2565 3971; x_wconf 90' lang='lat' dir='ltr'>etc.</span> <span class='ocrx_word' id='word_1_211' title='bbox 2612 3922 2737 3969; x_wconf 88' lang='lat' dir='ltr'>una</span> <span class='ocrx_word' id='word_1_212' title='bbox 2780 3922 2917 3970; x_wconf 90' lang='lat' dir='ltr'>cum</span> <span class='ocrx_word' id='word_1_213' title='bbox 2966 3903 3096 3969; x_wconf 90' lang='lat' dir='ltr'>suis</span> 
     </span>
     <span class='ocr_line' id='line_1_31' title="bbox 753 4004 3097 4091; baseline -0.002 -16"><span class='ocrx_word' id='word_1_214' title='bbox 753 4008 1048 4088; x_wconf 87' lang='lat' dir='ltr'>consiliis,</span> <span class='ocrx_word' id='word_1_215' title='bbox 1111 4006 1482 4073; x_wconf 84' lang='lat' dir='ltr'>habentibus</span> <span class='ocrx_word' id='word_1_216' title='bbox 1539 4008 1618 4073; x_wconf 90' lang='lat' dir='ltr'>ad</span> <span class='ocrx_word' id='word_1_217' title='bbox 1678 4005 2075 4091; x_wconf 85' lang='lat' dir='ltr'>infrascripta</span> <span class='ocrx_word' id='word_1_218' title='bbox 2134 4011 2199 4072; x_wconf 93' lang='lat' dir='ltr'>et</span> <span class='ocrx_word' id='word_1_219' title='bbox 2255 4007 2381 4073; x_wconf 82' lang='lat' dir='ltr'>alia</span> <span class='ocrx_word' id='word_1_220' title='bbox 2432 4006 2771 4074; x_wconf 84' lang='lat' dir='ltr'>exercenda</span> <span class='ocrx_word' id='word_1_221' title='bbox 2813 4004 3097 4088; x_wconf 89' lang='lat' dir='ltr'>plenissi-</span> 
     </span>
     <span class='ocr_line' id='line_1_32' title="bbox 749 4107 3097 4193; baseline -0.002 -16"><span class='ocrx_word' id='word_1_222' title='bbox 749 4130 916 4177; x_wconf 87' lang='lat' dir='ltr'>mam</span> <span class='ocrx_word' id='word_1_223' title='bbox 961 4115 1028 4176; x_wconf 91' lang='lat' dir='ltr'>et</span> <span class='ocrx_word' id='word_1_224' title='bbox 1070 4107 1329 4175; x_wconf 86' lang='lat' dir='ltr'>liberam</span> <span class='ocrx_word' id='word_1_225' title='bbox 1372 4113 1766 4193; x_wconf 84' lang='lat' dir='ltr'>potestatem,</span> <span class='ocrx_word' id='word_1_226' title='bbox 1833 4109 1917 4175; x_wconf 91' lang='lat' dir='ltr'>ad</span> <span class='ocrx_word' id='word_1_227' title='bbox 1958 4128 2177 4176; x_wconf 89' lang='lat' dir='ltr'>sonum</span> <span class='ocrx_word' id='word_1_228' title='bbox 2223 4128 2536 4192; x_wconf 85' lang='lat' dir='ltr'>campane,</span> <span class='ocrx_word' id='word_1_229' title='bbox 2584 4112 2650 4175; x_wconf 90' lang='lat' dir='ltr'>et</span> <span class='ocrx_word' id='word_1_230' title='bbox 2691 4126 2841 4174; x_wconf 88' lang='lat' dir='ltr'>voce</span> <span class='ocrx_word' id='word_1_231' title='bbox 2883 4124 3097 4191; x_wconf 90' lang='lat' dir='ltr'>preco-</span> 
     </span>
     <span class='ocr_line' id='line_1_33' title="bbox 751 4210 3094 4295; baseline -0.002 -16"><span class='ocrx_word' id='word_1_232' title='bbox 751 4214 857 4279; x_wconf 86' lang='lat' dir='ltr'>nia</span> <span class='ocrx_word' id='word_1_233' title='bbox 899 4213 1268 4293; x_wconf 86' lang='lat' dir='ltr'>couvocatis,</span> <span class='ocrx_word' id='word_1_234' title='bbox 1329 4218 1394 4278; x_wconf 91' lang='lat' dir='ltr'>et</span> <span class='ocrx_word' id='word_1_235' title='bbox 1437 4212 1793 4280; x_wconf 88' lang='lat' dir='ltr'>solemniter</span> <span class='ocrx_word' id='word_1_236' title='bbox 1849 4212 2253 4295; x_wconf 82' lang='lat' dir='ltr'>congregatis,</span> <span class='ocrx_word' id='word_1_237' title='bbox 2328 4217 2393 4279; x_wconf 88' lang='lat' dir='ltr'>et</span> <span class='ocrx_word' id='word_1_238' title='bbox 2454 4212 2590 4294; x_wconf 87' lang='lat' dir='ltr'>ipsa</span> <span class='ocrx_word' id='word_1_239' title='bbox 2652 4210 2907 4277; x_wconf 89' lang='lat' dir='ltr'>consilia</span> <span class='ocrx_word' id='word_1_240' title='bbox 2952 4228 3094 4275; x_wconf 89' lang='lat' dir='ltr'>cum</span> 
     </span>
     <span class='ocr_line' id='line_1_34' title="bbox 749 4312 3092 4399; baseline -0.002 -17"><span class='ocrx_word' id='word_1_241' title='bbox 749 4317 884 4399; x_wconf 89' lang='lat' dir='ltr'>ipso</span> <span class='ocrx_word' id='word_1_242' title='bbox 913 4315 1161 4382; x_wconf 90' lang='lat' dir='ltr'>domino</span> <span class='ocrx_word' id='word_1_243' title='bbox 1191 4315 1364 4397; x_wconf 75' lang='lat' dir='ltr'>duce,</span> <span class='ocrx_word' id='word_1_244' title='bbox 1411 4316 1805 4397; x_wconf 87' lang='lat' dir='ltr'>unanimiter,</span> <span class='ocrx_word' id='word_1_245' title='bbox 1854 4315 2256 4395; x_wconf 82' lang='lat' dir='ltr'>concorditer,</span> <span class='ocrx_word' id='word_1_246' title='bbox 2305 4334 2378 4381; x_wconf 87' lang='lat' dir='ltr'>ac</span> <span class='ocrx_word' id='word_1_247' title='bbox 2416 4314 2659 4380; x_wconf 90' lang='lat' dir='ltr'>nemine</span> <span class='ocrx_word' id='word_1_248' title='bbox 2687 4312 3092 4379; x_wconf 89' lang='lat' dir='ltr'>dissentiente</span> 
     </span>
     <span class='ocr_line' id='line_1_35' title="bbox 750 4415 3085 4502; baseline -0.002 -17"><span class='ocrx_word' id='word_1_249' title='bbox 750 4419 845 4485; x_wconf 80' lang='lat' dir='ltr'>vel</span> <span class='ocrx_word' id='word_1_250' title='bbox 889 4420 1294 4502; x_wconf 88' lang='lat' dir='ltr'>discrepante,</span> <span class='ocrx_word' id='word_1_251' title='bbox 1341 4418 1626 4487; x_wconf 91' lang='lat' dir='ltr'>omnibus</span> <span class='ocrx_word' id='word_1_252' title='bbox 1667 4417 1885 4500; x_wconf 78' lang='lat' dir='ltr'>modiS,</span> <span class='ocrx_word' id='word_1_253' title='bbox 1934 4418 2136 4485; x_wconf 82' lang='lat' dir='ltr'>causis</span> <span class='ocrx_word' id='word_1_254' title='bbox 2181 4424 2245 4484; x_wconf 94' lang='lat' dir='ltr'>et</span> <span class='ocrx_word' id='word_1_255' title='bbox 2285 4416 2544 4501; x_wconf 77' lang='lat' dir='ltr'>iuribuS,</span> <span class='ocrx_word' id='word_1_256' title='bbox 2595 4416 2820 4499; x_wconf 88' lang='lat' dir='ltr'>quibus</span> <span class='ocrx_word' id='word_1_257' title='bbox 2862 4415 3085 4482; x_wconf 89' lang='lat' dir='ltr'>melius</span> 
     </span>
    </p>
   </div>
  </div>
 </body>
</html>
