3793 5187
1856 533 1893 592 7

709 755 797 819 ris
841 772 951 819 seu
999 754 1340 836 religiosus,
1404 753 1742 818 secundum
1798 753 1964 834 quod
2015 752 2234 817 melius
2278 750 2587 817 videbitur
2631 751 2922 836 CollegiO,
2967 755 3048 820 ad

712 857 945 922 (lictum
992 857 1309 921 dominum
1364 855 1594 938 Regem
1640 856 1869 921 Polane
1923 875 2060 921 cum
2119 856 2230 920 illa
2271 855 2716 936 commissione,
2784 875 2904 938 que
2941 857 3052 922 fiet

711 979 822 1043 per
865 959 1033 1024 istud
1080 959 1420 1040 consilium,
1467 959 1615 1041 quia
1661 960 1851 1024 etiam
1894 959 2028 1040 ipse
2071 958 2354 1024 dominus
2396 957 2530 1022 Rex
2559 977 2673 1023 nos
2703 959 2944 1041 rogavit
2985 964 3050 1026 et

708 1061 1051 1144 requisivit,
1098 1066 1171 1125 ut
1208 1062 1454 1144 placeat
1494 1060 1672 1127 uobis
1721 1063 1972 1127 mittere
2017 1061 2208 1142 velle3
2256 1066 2319 1126 et
2359 1060 2451 1126 ita
2495 1060 2718 1126 debeat
2761 1061 2884 1127 dici
2917 1081 3046 1127 am-

713 1165 1018 1231 baxiatori
1058 1164 1356 1247 predicto,

1016 1266 1111 1331 De
1154 1271 1334 1349 parte
1457 1270 1555 1332 79.

1012 1368 1107 1434 De
1149 1386 1272 1434 non
1498 1373 1554 1433 5.

1012 1470 1155 1537 Non
1198 1471 1424 1538 sinceri
1500 1476 1557 1536 7.

1146 1589 1382 1645 .·1νοΙιὶυἰο
1419 1589 1477 1644 da·
1508 1589 1661 1644 Slato
1696 1590 1748 1644 in
1796 1589 2032 1644 Vcthia.

778 1675 1241 1746 (Deliberazioni
1278 1675 1497 1732 Senato
1540 1677 1795 1736 Secreto,
1832 1675 1982 1744 Reg.
2017 1675 2067 1742 4,
2105 1679 2267 1730 carte
2303 1673 2446 1744 231.)

1810 1983 1946 2058 VI.

1348 2122 1667 2191 ΜΟΟΟΟΧΙ.
1713 2122 1807 2189 die
1851 2122 2029 2191 ΧΧΙΙΙ.
2074 2119 2410 2204 ianuarii.*)

916 2294 1091 2372 Quod
1136 2293 1561 2359 committatur
1602 2291 1900 2374 magistro
1944 2291 2138 2356 Paulo
2183 2291 2248 2356 in
2299 2289 2419 2356 hac
2477 2289 2694 2371 forma,
2740 2290 3043 2356 videlicet.

917 2397 1093 2475 Quod
1132 2415 1270 2462 cum
1315 2395 1543 2462 nostris
1585 2394 1786 2461 literis
1830 2393 2236 2474 credulitatis,
2285 2397 2588 2475 quantum
2631 2394 2901 2475 prestius
2939 2412 3048 2474 po-

712 2500 881 2580 terit,
930 2499 1021 2564 ire
1050 2498 1276 2565 debeat
1302 2499 1382 2565 ad
1424 2499 1800 2583 presentiam
1844 2497 2230 2564 Serenissimi
2268 2496 2501 2562 domini
2543 2497 2731 2578 Regis
2775 2495 3045 2578 Polonie‚

712 2604 812 2669 cui
842 2601 1006 2668 facta
1050 2602 1361 2669 amicabili
1404 2602 1779 2669 salutatione
1822 2607 1888 2667 et
1930 2601 2260 2681 oblatione,
2309 2619 2447 2667 cum
2491 2599 2694 2665 verbis
2737 2601 3048 2682 pertinen-

713 2705 881 2771 tibus
928 2710 993 2771 et
1027 2705 1410 2785 necessariiS,
1479 2710 1665 2787 prout
1700 2704 1990 2771 videbitis
2037 2704 2168 2770 fore
2211 2703 2462 2769 honoris
2505 2720 2616 2768 sue
2658 2701 3046 2784 Serenitatis,

713 2813 778 2874 et
818 2808 1017 2874 nostri
1061 2808 1335 2889 dominii,
1380 2808 1550 2873 dicat
1592 2808 1757 2890 quod
1801 2826 1913 2890 per
1955 2826 2102 2874 suas
2148 2808 2364 2872 literas
2407 2806 2644 2888 regales
2681 2803 2909 2870 fuimus
2953 2805 3047 2870 in-

711 2910 981 2992 formati,
1036 2911 1115 2976 de
1157 2909 1442 2975 omnibus
1485 2909 1603 2990 his,
1650 2929 1770 2992 que
1814 2928 1925 2976 sue
1971 2909 2306 2976 Serenitati
2361 2908 2561 2974 nostri
2619 2912 2800 2989 parte
2861 2926 3048 2989 expo-

714 3013 842 3079 suit
869 3014 1141 3096 prudens
1171 3013 1266 3078 vir
1295 3011 1521 3079 Petrus
1551 3012 1919 3096 Bicharano,
1965 3012 2165 3079 fidelis
2194 3012 2344 3078 civis
2373 3014 2603 3091 noster,
2649 3014 2714 3074 et
2757 3010 3048 3076 similiter

714 3115 1134 3181 intelleximus
1178 3116 1404 3196 omnia,
1467 3134 1588 3197 que
1631 3116 1893 3182 nuncius
1938 3134 2105 3195 suus,
2171 3132 2353 3197 quem
2397 3114 2476 3179 ad
2519 3113 2894 3195 presentiam
2937 3132 3048 3179 no·

716 3222 912 3282 stram
942 3218 1131 3298 misit,
1156 3235 1254 3295 ‚ex
1296 3223 1476 3300 parte
1520 3236 1631 3283 sue
1672 3217 2054 3283 Excellentie
2097 3215 2274 3283 nobis
2319 3217 2622 3299 exposuit,
2669 3220 2733 3280 et
2777 3234 3049 3297 compre-

716 3319 1057 3385 hendentes
1100 3319 1324 3385 bonam
1366 3324 1431 3384 et
1472 3319 1769 3401 optimam
1813 3320 2276 3401 dispositionem
2319 3339 2514 3401 suam,
2580 3336 2727 3401 eiga
2767 3322 3049 3383 nostrum

717 3420 1077 3501 dominium,
1128 3440 1238 3487 sue
1281 3421 1682 3504 Excellentie‚
1734 3422 1936 3487 nostri
1979 3426 2175 3504 parte,
2238 3422 2464 3488 debeat
2505 3421 2801 3486 immense
2843 3438 3050 3502 regra-

717 3523 880 3589 tiari.
970 3524 1070 3590 Ad
1114 3522 1347 3590 factum
1390 3530 1600 3589 autem
1642 3523 1766 3606 lige
1812 3524 2010 3589 fiende
2052 3524 2216 3589 inter
2273 3544 2448 3590 suam
2504 3524 2916 3607 Majestatem,
2987 3525 3052 3587 et

719 3631 1003 3691 nostrum
1046 3625 1405 3708 dominium,
1472 3646 1582 3692 sue
1619 3626 1955 3692 Serenitati
1999 3627 2204 3693 dicere
2247 3627 2542 3708 debeatiS,
2608 3627 2776 3709 quod
2834 3630 3052 3691 nostra

719 3727 1060 3794 dominatio
1121 3732 1415 3796 contenta
1472 3733 1587 3810 est,
1659 3748 1797 3795 cum
1856 3748 1972 3795 sua
2029 3729 2376 3797 Serenitate
2435 3730 2625 3813 ligam
2675 3728 2922 3809 habere,
2987 3731 3053 3793 et

720 3831 967 3897 videtur
1030 3836 1242 3896 nostro
1310 3830 1599 3913 dominio,
1668 3830 1833 3914 quod
1890 3831 2060 3898 dicta
2116 3832 2243 3914 liga
2303 3832 2388 3897 sit
2445 3832 2510 3897 in
2569 3832 2732 3897 hunc
2780 3830 3049 3910 modum,

720 3934 885 4015 quod
929 3951 1045 3998 sua
1098 3932 1412 4000 Serenitas
1464 3952 1504 3998 a
1562 3938 1739 4015 parte
1796 3952 1912 3999 sua
1964 3934 2113 3999 velit
2167 3933 2433 4014 obstare,
2502 3938 2569 4000 et,
2620 3933 2823 3999 facere
2873 3950 3054 4015 posse

722 4054 921 4116 suum,
978 4039 1195 4101 contra
1238 4032 1468 4118 Regem
1512 4035 1985 4118 Sigismondum,
2047 4042 2364 4118 tamquam
2408 4036 2720 4101 inimicum
2765 4053 2945 4101 suum
2988 4038 3052 4099 et

719 4144 1021 4218 nostrum,
1087 4156 1166 4203 ne
1208 4138 1412 4203 dictus
1454 4137 1586 4203 Rex
1632 4137 2058 4221 Sigismondus
2101 4138 2435 4204 descendat
2491 4138 2572 4203 ad
2630 4136 3052 4219 accipiendum

724 4258 1012 4307 coronam
1057 4240 1328 4322 Imperii,
1372 4244 1437 4306 et
1472 4258 1584 4305 nos
1628 4240 1914 4306 similiter
1956 4259 1995 4306 a
2037 4246 2216 4323 parte
2257 4246 2474 4308 nostra
2519 4238 2900 4307 obstabimus
2942 4257 3053 4319 per

926 4445 980 4517 Ι·)
1048 4444 1217 4503 More
1250 4450 1483 4503 veneto,
