3793 5187
1799 685 1925 749 209

682 879 779 945 tui
824 877 1363 946 informationem:
1427 883 1747 967 Intelligis
1789 885 1982 970 igitur
2029 884 2413 952 desiderium
2457 885 2849 967 prefatarum
2887 891 3027 958 Ma-

680 983 982 1048 iestatnm
1057 983 1228 1063 quod
1272 984 1443 1050 dicta
1486 987 1845 1069 propositio
1890 987 2033 1054 fieri
2079 989 2370 1055 videatur
2411 993 2715 1071 tanquam
2764 1011 2804 1057 a
2845 995 3026 1062 nobis

680 1103 799 1168 pro
846 1084 1087 1153 honore
1140 1092 1206 1153 et
1248 1086 1560 1169 dignitate
1605 1089 1880 1170 illarum,
1951 1095 2018 1156 et
2081 1109 2160 1156 ex
2219 1090 2346 1156 alia
2400 1097 2585 1173 parte
2627 1094 2913 1161 volumus
2956 1100 3025 1164 te

678 1207 806 1254 non
856 1188 1061 1254 latere
1127 1189 1297 1270 quod
1364 1189 1550 1256 sicuti
1599 1191 1679 1256 ob
1724 1209 2008 1259 amorem
2068 1210 2145 1258 ac
2206 1193 2545 1259 amicitiam
2585 1202 2872 1263 nostram
2919 1216 3025 1264 cu-

678 1291 885 1374 pimus
932 1292 1167 1357 eisdem
1210 1290 1656 1360 Maiestatibus
1725 1293 2074 1377 gratificari
2139 1295 2242 1360 Ita
2295 1297 2543 1364 animus
2589 1302 2655 1362 et
2693 1315 2868 1365 mens
2911 1320 3026 1367 no-

678 1400 814 1460 stra
856 1398 957 1459 est
1022 1393 1193 1475 quod
1257 1395 1352 1459 ita
1408 1399 1593 1460 caute
1656 1400 1723 1460 et
1779 1414 1924 1461 cum
1990 1395 2106 1461 tali
2147 1398 2340 1463 modo
2386 1403 2452 1463 et
2496 1399 2876 1467 dexteritate
2915 1421 3022 1470 res

676 1497 820 1579 ipsa
860 1515 977 1579 per
1018 1501 1087 1562 te
1128 1501 1515 1581 proponatur
1581 1497 1753 1578 quod
1816 1497 2056 1563 nullam
2126 1499 2296 1582 apud
2362 1500 2681 1567 dominum
2747 1501 3022 1572 Turcum

674 1599 1193 1682 indignationem,
1220 1605 1336 1664 aut
1358 1598 1785 1664 irritationem
1822 1600 2272 1682 concipiamu8‚
2302 1607 2370 1668 et
2399 1619 2771 1686 cuperemus
2804 1607 3018 1688 etiam,

677 1701 849 1783 quod
890 1701 976 1768 ad
1012 1701 1279 1768 aliorum
1320 1700 1622 1767 noticiam
1665 1698 1783 1767 hec
1832 1707 2058 1768 nostra
2104 1703 2373 1771 intentio
2436 1723 2565 1772 non
2622 1709 3016 1788 perveniret:

676 1803 989 1882 Quocirca
1050 1803 1198 1869 freti
1264 1808 1337 1869 ut
1403 1803 1676 1870 diximus
1741 1808 1857 1870 tna
1922 1805 2265 1886 prudentia
2304 1812 2371 1873 et
2414 1808 2651 1874 virtute
2693 1809 3018 1893 pluripha-

670 1907 835 1972 riam
879 1924 919 1971 a
962 1907 1144 1973 nobis
1197 1911 1482 1988 experta,
1550 1906 1974 1989 relinquimus
2036 1905 2196 1973 hanc
2259 1909 2640 1990 provintiam
2703 1910 2838 1994 tibi,
2908 1914 3017 1995 qui

675 2027 819 2076 cum
856 2009 943 2075 sis
988 2027 1181 2091 super
1221 2007 1393 2074 facto
1438 2013 1503 2074 et
1552 2008 1944 2076 desiderium
2013 2009 2440 2092 predictorum
2505 2012 2914 2095 Imperatoris
2951 2021 3018 2082 et

668 2112 867 2196 regiS,
938 2116 1346 2193 nostramque
1410 2117 1686 2177 mentem
1706 2161 1721 2191 ‚
1799 2116 1865 2177 et
1933 2114 2145 2179 omnia
2211 2130 2334 2194 que
2398 2114 2747 2196 expediunt
2817 2119 3015 2199 probe

671 2215 881 2282 noscis
926 2213 1195 2294 dirriges
1252 2213 1753 2296 propositionem
1798 2219 1974 2280 tuam
2037 2233 2151 2298 per
2196 2215 2373 2281 illum
2416 2217 2742 2284 meliorem
2786 2235 3014 2298 conve-

664 2317 1041 2383 nientiorem
1084 2321 1150 2382 et
1194 2317 1493 2382 tutiorem
1559 2316 1815 2381 modum
1869 2322 1938 2382 et
1981 2318 2149 2382 viam
2190 2335 2314 2398 que
2361 2318 2476 2384 tibi
2517 2319 2870 2386 videbitur:
2925 2321 3018 2388 Et

667 2419 967 2502 quicquid
1011 2417 1213 2501 egeris
1261 2418 1505 2500 tibique
1550 2417 2046 2500 respondebitur
2111 2419 2360 2486 curabis
2406 2437 2598 2502 quam
2644 2422 2908 2488 celerius
2947 2430 3013 2490 et

664 2521 1064 2589 festinantius
1110 2520 1352 2604 poteris
1398 2520 1587 2587 nobis
1631 2521 1761 2586 tuis
1808 2520 2012 2588 literis
2053 2520 2413 2588 notificare:
2461 2522 2698 2589 Verum
2740 2525 2796 2590 si
2841 2522 3010 2590 forte

664 2626 995 2705 accideret,
1040 2625 1214 2706 quod
1256 2630 1472 2691 tamen
1519 2625 1689 2690 ratio
1736 2642 1861 2692 non
1911 2625 2154 2704 suadet,
2215 2624 2388 2706 quod
2430 2625 2512 2692 ob
2557 2644 2650 2707 ea,
2718 2644 2842 2709 que
2893 2628 3010 2693 tibi

663 2728 997 2811 explorata
1042 2746 1181 2794 esse
1241 2732 1507 2809 possent
1574 2743 1996 2809 cognosceres
2037 2732 2101 2793 et
2141 2726 2550 2809 intelligeres,
2615 2729 2788 2810 quod
2836 2729 3008 2796 dicta

660 2830 974 2914 promotio
1039 2834 1383 2911 utcumque
1422 2848 1540 2911 per
1584 2835 1648 2896 te
1692 2827 1894 2910 fieret,
1943 2828 2194 2895 omnino
2257 2829 2534 2895 alterare
2599 2834 2712 2895 aut
2753 2837 3006 2913 pertur-

661 2932 814 2999 bare
857 2931 1123 2999 haberet
1157 2937 1431 2997 mentem
1475 2936 1544 2998 et
1587 2932 1869 2998 animum
1914 2930 2144 3014 prefati
2189 2930 2425 2996 domini
2471 2928 2657 2997 Turci
2702 2933 3010 3001 adversus

658 3054 791 3115 nos,
858 3053 933 3101 eo
994 3053 1146 3101 casu
1208 3038 1429 3100 nostra
1491 3035 1758 3101 intentio
1830 3040 1931 3100 est
1997 3039 2071 3099 ut
2123 3032 2393 3100 desistas
2458 3032 2672 3117 potius
2713 3034 2795 3099 ab
2834 3036 3004 3101 omni

657 3138 1055 3220 promotione
1099 3142 1166 3203 et
1201 3136 1477 3219 aliquam
1510 3136 1984 3203 excusationem
2019 3134 2352 3201 honestam
2391 3136 2607 3218 capias
2652 3135 3001 3204 nobiscum:

654 3239 746 3306 Et
783 3240 1077 3322 quoniam
1120 3239 1276 3322 ipsis
1361 3237 1813 3305 Maiestatibus
1860 3239 1962 3304 vel
2007 3238 2256 3303 illarum
2301 3237 2682 3317 oratoribuS‚
2738 3258 3002 3322 quorum

653 3342 853 3424 aliqui
896 3342 1066 3424 apud
1108 3360 1225 3408 nos
1269 3342 1691 3408 morabuntur
1731 3360 1951 3407 sumus
2001 3340 2318 3406 ostensuri
2375 3356 2743 3406 successum
2801 3342 3002 3408 actio·

652 3446 750 3511 nis
794 3450 905 3511 tue
948 3444 1187 3511 scribes
1248 3444 1331 3509 ad
1390 3462 1507 3510 nos
1566 3442 1749 3509 binas
1820 3443 2040 3509 literas
2107 3442 2172 3507 in
2241 3441 2418 3522 zifra,
2480 3459 2746 3523 quarum
2779 3444 2999 3511 alteris

654 3549 823 3615 clare
882 3548 1285 3613 contineatur
1352 3564 1479 3613 non
1554 3548 1762 3613 solum
1828 3546 2032 3612 omnis
2099 3546 2387 3627 operatio
2455 3562 2675 3611 verum
2749 3563 3002 3627 quoque

653 3650 855 3717 omnis
900 3647 1125 3716 modus
1171 3653 1238 3714 et
1279 3647 1401 3729 via,
1452 3666 1577 3730 que
1618 3666 1739 3731 per
1790 3652 1857 3714 te
1894 3647 2090 3713 fuerit
2131 3652 2389 3713 servata
2418 3653 2614 3729 atque
2644 3649 2997 3730 responsio,

651 3769 840 3834 quam
887 3749 1187 3817 habueris
1230 3750 1329 3817 vel
1371 3749 1674 3832 quicquid
1733 3767 1811 3816 ea
1846 3750 1916 3817 in
1957 3768 2030 3815 re
2075 3748 2298 3832 egeris.
2388 3749 2611 3815 Altere
2663 3767 2816 3815 vero
2867 3750 2998 3815 sint

648 3857 713 3921 in
760 3854 877 3921 tali
919 3852 1141 3934 forma,
1190 3852 1361 3933 quod
1400 3851 1731 3919 valeamus
1780 3870 1887 3918 eas
1935 3851 2300 3917 ostendere:
2347 3850 2435 3915 Et
2479 3850 2534 3916 si
2577 3869 2712 3916 rem
2741 3870 2998 3933 promo-

648 3957 818 4023 veris
880 3954 1159 4022 videaris
1225 3953 1395 4020 omni
1462 3972 1539 4021 ex
1606 3957 1793 4036 parte
1846 3954 2122 4035 gessisse
2174 3956 2243 4017 te
2285 3953 2352 4017 in
2394 3950 2514 4019 hoc
2559 3954 2817 4035 negotio
2857 3972 2998 4019 cum

647 4060 819 4125 omni
862 4057 1103 4125 honore
1149 4062 1214 4122 et
1258 4055 1571 4138 dignitate
1619 4055 2052 4139 predictarum
2097 4056 2526 4122 Maiestatum.
2604 4054 2675 4121 Si
2719 4072 2870 4119 vero
2911 4054 2992 4120 ob

648 4161 883 4229 dictum
926 4164 1282 4243 respectum
1325 4156 1592 4223 forsitan
1636 4157 1757 4223 tibi
1797 4157 2000 4223 visum
2057 4154 2252 4223 fuerit
2305 4156 2622 4223 abstinere
2665 4174 2706 4222 a
2745 4173 2994 4239 promo-

643 4264 818 4330 tione
865 4262 1150 4329 declares
1194 4264 1265 4326 ut
1307 4259 1701 4343 prediximus
1771 4277 2003 4341 equam
2068 4259 2399 4326 honestam
2463 4276 2719 4325 eausam
2774 4262 2842 4324 et
2881 4276 2992 4324 ex·

645 4366 1055 4433 cusationem.
1140 4363 1241 4429 Ita
1278 4366 1352 4427 ut
1388 4364 1453 4428 in
1497 4378 1893 4443 quocumque
1965 4378 2115 4427 casu
2177 4359 2502 4427 satisfacte
2567 4360 2648 4425 de
2697 4358 2881 4427 nobis
2927 4364 2994 4425 et

644 4488 843 4553 opera
886 4486 963 4534 ac
1004 4465 1458 4533 intercessione
1506 4471 1727 4529 nostra
1769 4466 2145 4529 remaneant
2195 4450 2392 4643 pr&
2431 4466 2740 4545 optamus,
2817 4468 2883 4527 et
2925 4460 2988 4527 in

638 4577 753 4638 tua
796 4571 964 4638 virtu
975 4574 1041 4635 te
1084 4567 1291 4650 ample
1336 4564 1727 4634 confidimus,

2585 4682 2650 4735 15
