3793 5187
1802 511 1887 577 25

682 719 1077 786 incomodmn
1122 719 1299 785 cedet
1342 721 1573 788 nostris
1618 722 1767 788 locis
1798 725 2252 793 confinantibus
2279 744 2419 792 cum
2446 720 2708 789 Turchis
2733 721 2798 784 et
2825 716 3012 783 etiam

684 823 1132 890 mercatoribus
1160 826 1391 891 nostris
1436 828 1944 895 conversantibus
1986 829 2051 893 in
2093 829 2247 896 locis
2275 827 2674 905 Turchorum‚
2721 841 2843 906 que
2872 837 3013 902 pro-

684 925 839 991 visio
880 925 1200 1008 galearum
1242 927 1473 994 habeat
1516 929 1718 996 locum
1762 932 1817 996 si
1864 932 2267 998 concludetur
2308 933 2376 997 in
2411 949 2581 1013 pace.

884 1027 1180 1095 Preterea
1222 1031 1369 1112 quia
1411 1031 1476 1096 in
1520 1031 1752 1099 talibus
1790 1037 1855 1099 et
1899 1034 2093 1120 tantis
2145 1033 2520 1100 tractatibus
2565 1030 2831 1096 multum
2875 1045 3016 1111 pos-

682 1135 831 1198 sunt
870 1132 1164 1213 prodaese
1220 1133 1657 1215 promissiones
1715 1135 1973 1218 pecu'nie
2024 1155 2144 1218 que
2187 1135 2408 1202 fierent
2447 1136 2608 1201 dono
2652 1131 2752 1199 vel
2793 1130 3014 1196 merito

680 1233 961 1316 personis
1004 1253 1126 1318 que
1168 1237 1409 1318 possint
1466 1255 1600 1303 esse
1663 1257 1852 1305 causa
1908 1238 2174 1305 faciendi
2228 1243 2468 1322 partem
2515 1239 2834 1304 adversam
2873 1253 3014 1300 con-

681 1338 1053 1404 descendere
1082 1343 1295 1404 nostre
1324 1339 1630 1405 voluntati
1658 1341 1756 1405 vel
1785 1340 2120 1407 informare
2141 1359 2252 1407 vos
2280 1342 2358 1407 de
2386 1340 2729 1406 intentione
2756 1338 3015 1404 alterius

682 1442 899 1522 partis,
947 1440 1167 1507 damus
1211 1440 1383 1508 vobis
1419 1441 1769 1509 libertatem
1812 1443 2102 1527 possendi
2153 1445 2516 1527 promittere
2567 1447 2632 1509 et
2674 1441 3016 1523 expendere

684 1543 751 1609 in
798 1543 1031 1610 talibus
1073 1546 1351 1626 personis
1394 1565 1591 1630 usque
1618 1548 2036 1632 quantitatem
2064 1549 2429 1614 ducatorum
2459 1548 2558 1613 Χιιι
2599 1544 3016 1630 promittendo

683 1646 1053 1712 solution·-
1095 1648 1405 1729 sequendo
1450 1654 1515 1714 et
1555 1655 1887 1732 postquam
1943 1654 2157 1716 secuta
2197 1649 2387 1716 fuerit
2426 1668 2550 1732 pax
2591 1649 2688 1714 vel
2727 1652 3006 1729 treugua.

884 1747 1175 1816 Ceterum
1218 1750 1497 1816 debeatis
1540 1754 1789 1819 omnino
1832 1753 2148 1820 includere
2191 1752 2256 1818 in
2299 1753 2418 1818 hac
2459 1770 2630 1835 pace,
2685 1750 3013 1817 concordio

682 1852 781 1920 vel
824 1858 1107 1936 treugua‚
1150 1853 1544 1937 magnificum
1586 1856 1905 1923 dominum
1951 1856 2277 1923 Nicolaum
2318 1856 2742 1922 Marchionem
2784 1852 3018 1919 Esten·

679 1975 808 2022 sem
853 1962 922 2023 et
954 1953 1312 2039 magnificos
1352 1957 1634 2025 dominos
1674 1959 1976 2026 Karolum
2019 1964 2085 2025 et
2128 1959 2500 2027 Pandulfum
2537 1958 2615 2025 de
2659 1955 3014 2023 Malatestis

680 2065 745 2127 et
786 2061 945 2128 alios
990 2060 1313 2144 colligatos
1355 2067 1421 2128 et
1461 2065 1991 2130 recommendatos
2033 2068 2300 2130 nostros,

881 2163 1181 2230 Similiter
1220 2165 1353 2231 vice
1392 2184 1575 2232 versa
1618 2168 1673 2233 si
1715 2167 2000 2234 dominus
2042 2167 2176 2233 Rex
2209 2167 2396 2234 vellet
2431 2165 2745 2234 includere
2786 2162 2852 2228 111
2894 2162 3014 2228 hac

678 2285 847 2350 pace,
881 2269 1205 2334 concordio
1234 2268 1331 2334 vel
1360 2273 1622 2352 treugua
1650 2270 1920 2352 patriam
1949 2269 2265 2350 Foroiulii,
2289 2287 2504 2336 sumus
2541 2265 2816 2334 contenti
2847 2265 3013 2348 quod

678 2373 949 2454 ponatur
989 2376 1055 2437 et
1096 2371 1451 2438 includatur
1483 2372 1551 2438 in
1596 2391 1686 2439 ea.

882 2473 1117 2540 Verum
1152 2491 1279 2540 non
1316 2473 1607 2542 obstante
1648 2476 1813 2558 quod
1857 2491 2269 2559 preponamus
2311 2472 2486 2539 vobis
2532 2472 2909 2539 intentiones
2949 2476 3015 2538 et

681 2577 1066 2645 voluntatem
1112 2582 1390 2645 nostram
1430 2577 1545 2645 sub
1586 2578 1891 2646 brevitate
1933 2578 2214 2662 predicta
2255 2576 2534 2645 debeatis
2577 2596 2687 2644 vos
2725 2575 2834 2660 qui
2862 2575 3013 2642 estis

674 2680 991 2747 informati
1050 2682 1270 2763 dicere,
1324 2682 1608 2765 apperire
1670 2689 1735 2748 et
1788 2682 2058 2765 allegare
2101 2684 2306 2750 dictas
2349 2686 2598 2748 nostras
2639 2678 3015 2746 intentiones

680 2788 959 2868 tempore
1010 2788 1075 2850 et
1126 2784 1260 2851 loco
1316 2784 1543 2852 debitis
1592 2804 1719 2852 non
1776 2787 2055 2854 exeundo
2114 2787 2193 2853 ab
2253 2784 2472 2852 effectu
2525 2790 2591 2850 et
2631 2782 3015 2851 continentia

682 2886 1243 2971 suprascriptorum
1284 2889 1696 2972 capitulorum
1738 2890 2114 2957 confidentes
2143 2890 2208 2954 in
2236 2889 2460 2955 vestris
2489 2886 2827 2971 sapientiis,
2891 2884 3014 2950 Re-

678 2991 1017 3074 linquimus
1058 2992 1393 3059 secundum
1436 2996 1823 3060 occurrentia
1860 2998 2230 3077 postponere
2273 2997 2339 3058 et
2379 3008 2720 3075 preponere
2755 2987 3011 3071 partita,

679 3094 1057 3161 intentiones
1118 3100 1183 3161 et
1240 3096 1454 3161 modos
1474 3084 1479 3089 ’
1498 3103 1562 3162 et
1605 3096 1879 3179 capitula
1936 3096 2216 3179 predicta
2260 3094 2596 3161 secundum
2639 3092 2806 3175 quod
2847 3090 3014 3157 vide-

680 3197 828 3263 bitis
870 3215 1051 3279 posse
1086 3197 1309 3263 melius
1352 3198 1697 3265 redundare
1740 3202 1955 3265 nostro
1997 3198 2286 3279 dominio,
2329 3215 2456 3263 non
2493 3193 2872 3262 transeundo
2915 3196 3010 3257 ta-

678 3320 821 3367 men
864 3299 1148 3367 effectum
1192 3301 1497 3367 dictarum
1541 3306 1898 3367 nostrarum
1940 3302 2370 3367 intentionum.

879 3403 1144 3486 Insuper
1170 3398 1453 3470 habeatis
1478 3405 1692 3485 menti,
1737 3405 1791 3470 si
1819 3404 2198 3471 concludetis
2227 3405 2293 3469 in
2322 3420 2474 3487 pace
2503 3402 2600 3467 vel
2628 3399 2695 3466 in
2725 3404 3008 3483 treugua,

679 3507 758 3572 de
800 3504 1083 3572 faciendo
1128 3505 1262 3572 fieri
1304 3511 1370 3572 et
1406 3509 1611 3590 rogari
1650 3508 2066 3575 instrumenta
2094 3508 2163 3572 in
2189 3504 2520 3573 sufficienti
2551 3505 2752 3570 forma
2779 3507 2846 3569 et
2874 3522 3013 3569 cum

678 3608 1177 3675 solemnitatibus
1220 3610 1583 3692 opportunis
1643 3613 1709 3675 et
1766 3609 2098 3676 extendere
2140 3609 2414 3692 capitula
2455 3609 2520 3673 in
2562 3607 2763 3673 forma
2806 3624 3014 3672 neces-

682 3712 867 3793 saria,
932 3717 998 3779 et
1039 3712 1266 3779 habere
1309 3714 1634 3795 presertim
1684 3718 2033 3796 respectum
2076 3713 2238 3796 quod
2281 3710 2719 3795 promissiones
2755 3714 2819 3775 et
2861 3708 3015 3774 obli-

676 3815 958 3897 gationes
994 3815 1195 3897 partis
1238 3814 1495 3880 adverse
1538 3814 1717 3881 nobis
1752 3814 1910 3881 fiant
1952 3816 2020 3880 111
2062 3814 2184 3880 hiis
2226 3833 2347 3896 que
2386 3817 2651 3896 tangunt
2678 3810 3014 3895 Imperium

678 3934 788 3999 per
828 3917 1032 4001 ipsum
1086 3916 1403 3983 dominum
1445 3916 1696 3999 Regem,
1762 3917 2020 3982 heredes
2075 3920 2140 3982 et
2199 3933 2583 3983 successores
2641 3932 2787 3980 suos
2840 3918 2905 3979 et
2944 3914 3011 3979 in

678 4018 777 4085 his
821 4038 943 4103 que
988 4024 1256 4101 tangunt
1297 4020 1577 4102 Regnum
1621 4019 1943 4102 Hungarie
1987 4036 2100 4101 per
2142 4018 2346 4101 ipsum
2395 4023 2464 4083 ut
2505 4017 2737 4100 Regem
2786 4016 3011 4081 Roma-

679 4139 901 4187 norum
942 4126 1009 4187 et
1037 4121 1358 4204 Hungarie
1400 4127 1465 4187 et
1504 4140 1615 4204 per
1656 4140 1739 4201 se,
1785 4121 2058 4201 heredeS‚
2106 4138 2490 4187 successores
2533 4138 2678 4185 suos
2721 4138 2797 4185 ac
2839 4136 3011 4185 coro-

678 4242 823 4289 nam
870 4230 935 4291 et
973 4244 1232 4308 regnum
1274 4226 1609 4308 Hungarie.
1679 4226 1765 4289 Et
1804 4226 1970 4307 quod
2011 4224 2294 4290 habeatis
2337 4224 2752 4291 instrumenta
2796 4226 3011 4287 auten·

678 4326 805 4392 tica
871 4325 1111 4409 bullata
1176 4331 1241 4392 et
1304 4327 1599 4393 roborata
1662 4326 1825 4392 sicut
1886 4326 2076 4391 fuerit
2138 4334 2553 4409 opportunum
2613 4326 3009 4395 conducenda

678 4446 789 4513 per
832 4446 941 4497 vos
978 4427 1277 4497 Venetias
1318 4430 1400 4496 ad
1442 4428 1638 4498 nostri
1690 4429 2037 4499 cautellam.
