3793 5187
1872 361 1957 432 220

740 563 1038 632 Oratores
1095 563 1176 633 ad
1236 565 1713 636 Serenissimum
1756 573 2096 656 principem
2154 574 2470 641 dominum
2513 572 2901 641 Vladislaum
2947 567 3068 638 Re-

735 688 875 751 gem
942 670 1196 736 Polonie
1261 673 1360 739 cui
1426 677 1804 755 presentatis
1876 677 2076 744 literis
2140 679 2372 745 nostris
2437 677 2937 758 credentialibuS,
3005 681 3070 741 et

737 772 909 838 facta
944 774 1255 839 reverenti
1298 781 1363 840 et
1412 778 1775 845 condecenti
1820 780 2197 847 salutatione
2253 787 2318 847 et
2375 781 2684 847 amicabili
2726 799 2800 846 ac
2843 779 3067 845 carita-

736 875 867 940 tiva
911 876 1225 944 oblatione
1274 897 1414 945 cum
1470 881 1709 948 devotis
1772 887 1837 948 et
1887 884 2342 966 pertinentibus
2395 885 2596 951 verbis
2638 887 2816 967 parte
2858 886 3074 948 nostra

733 977 1015 1046 debeatis
1060 999 1366 1063 exponere
1418 986 1585 1066 quod
1645 1005 1757 1067 per
1799 987 2016 1053 literas
2081 988 2360 1071 magistri
2423 988 2600 1054 Pauli
2651 986 2918 1053 oratoris
2959 1003 3069 1050 no-

734 1082 853 1147 stri
896 1084 1008 1150 sed
1050 1084 1250 1149 multo
1297 1085 1488 1152 latius
1528 1091 1593 1152 et
1635 1088 1861 1154 clarius
1908 1109 2020 1172 per
2062 1090 2276 1156 literas
2321 1086 2443 1156 Sue
2481 1079 2860 1156 Serenitatis'
2892 1087 3072 1153 datas

736 1182 1031 1250 Cassovie
1074 1185 1350 1252 XXVIII
1396 1190 1625 1254 mensis
1668 1190 1884 1255 Martii
1943 1193 2220 1274 proxime
2274 1193 2560 1275 preteriti
2621 1196 2685 1257 et
2743 1209 2856 1273 per
2913 1188 3072 1254 rela-

732 1287 965 1352 tionem
1007 1287 1264 1354 discreti
1306 1289 1425 1354 viri
1466 1279 1700 1356 Tliome
1742 1293 1820 1358 de
1856 1291 2053 1358 Diaco
2095 1294 2420 1360 familiaris
2463 1299 2528 1360 et
2568 1294 2781 1360 nuncii
2816 1292 2914 1358 sui
2953 1290 3068 1356 sub

731 1389 861 1455 suis
903 1388 1199 1472 predictis
1261 1391 1740 1458 credentialibus
1779 1392 1998 1475 literis,
2065 1395 2172 1477 qui
2229 1395 2498 1461 asseruit
2555 1400 2622 1461 et
2660 1395 2840 1462 nobis
2882 1412 3066 1477 expo-

731 1492 861 1557 suit
900 1491 1093 1558 Suam
1125 1492 1523 1558 Maiestatem
1554 1512 1691 1560 esse
1718 1495 2085 1577 dispositam
2109 1502 2174 1562 et
2201 1501 2547 1580 promptam
2593 1497 2858 1581 fatigare
2901 1501 2968 1563 et
3001 1515 3068 1561 se

728 1596 975 1678 operari
1020 1595 1100 1660 ad
1146 1595 1544 1661 tractandum
1587 1615 1801 1678 pacem
1865 1599 2032 1663 inter
2074 1598 2544 1665 Serenissimum
2587 1599 2902 1666 dominum
2945 1599 3066 1664 Re-

724 1717 866 1781 gem
906 1698 1230 1781 Hungarie
1274 1701 1339 1765 et
1380 1703 1663 1764 nostrum
1722 1701 2061 1766 dominium
2105 1706 2171 1768 et
2213 1703 2330 1768 hoc
2370 1702 2588 1768 fecisse
2639 1703 2817 1768 nobis
2859 1701 3065 1768 notifi-

726 1820 869 1868 care
912 1801 991 1866 de
1032 1801 1197 1868 scitu
1240 1805 1305 1867 et
1348 1801 1579 1867 noticia
1622 1803 1773 1868 dicti
1803 1804 2036 1869 domini
2067 1803 2254 1886 Regis
2284 1803 2620 1887 Hungarie,
2664 1805 3058 1888 cognovimus

724 1923 837 1987 per
878 1902 1167 1970 effectum
1210 1903 1411 1986 primo
1453 1905 1753 1986 grandem
1799 1909 1863 1970 et
1907 1907 2304 1973 intrinsecam
2345 1908 2668 1973 caritatem
2697 1913 2762 1974 et
2789 1905 3061 1972 affectio-

724 2024 868 2072 nem
922 2024 1049 2089 qua
1100 2004 1228 2070 Sua
1279 2005 1668 2072 Excellentia
1709 2008 1873 2090 gerit
1917 2009 2113 2091 quieti
2167 2008 2662 2076 Christianitatis
2705 2015 2770 2075 et
2810 2027 3065 2092 genera·

723 2109 870 2175 liter
918 2107 1207 2174 omnibus
1253 2107 1650 2174 Christianis.
1736 2107 2113 2175 Secundario
2157 2110 2632 2177 sincerissimam
2673 2111 3064 2177 dilectionem

722 2229 911 2294 quam
958 2209 1307 2292 spetialiter
1365 2208 1556 2275 habet
1614 2215 1831 2277 nostro
1874 2210 2162 2277 Dominio
2208 2217 2273 2277 et
2314 2211 2431 2278 hoc
2487 2217 2666 2294 patet
2723 2232 2834 2294 per
2881 2230 3063 2294 expe-

721 2312 1041 2392 rientiam,
1109 2329 1257 2376 nam
1316 2330 1431 2377 sua
1486 2312 1795 2393 sapientia
1854 2313 2080 2378 nedum
2139 2314 2474 2378 secundum
2535 2313 3064 2396 opportunitatem

721 2415 1022 2498 temporis
1072 2418 1139 2478 et
1188 2433 1301 2497 pro
1357 2415 1613 2480 comodo
1666 2413 2164 2479 Christianitatis
2208 2415 2470 2480 cessavit
2511 2432 2552 2479 a
2592 2433 2818 2496 guerra
2860 2419 2925 2479 et
2953 2430 3064 2478 an-

722 2517 865 2582 nuit
907 2516 1047 2599 paci
1091 2516 1326 2581 domini
1369 2516 1559 2599 Regis
1604 2516 1928 2599 Hungarie
1965 2516 2072 2580 sed
2111 2516 2299 2581 etiam
2327 2535 2454 2580 non
2484 2516 2734 2581 tradens
2769 2513 3062 2580 oblivioni

720 2620 979 2685 devotos
1024 2620 1257 2685 amicos
1302 2638 1449 2685 suos
1487 2620 1782 2701 dignatur
1818 2624 1883 2683 et
1928 2617 2110 2684 offert
2169 2618 2430 2700 benigne
2489 2620 2880 2700 interponere
2921 2637 3064 2699 par-

718 2727 816 2789 tes
858 2726 924 2788 et
966 2722 1291 2805 operation
1302 2740 1369 2787 es
1414 2740 1561 2787 suas
1604 2720 1820 2800 bonaS‚
1882 2725 1956 2785 ut
2013 2739 2136 2801 pax
2194 2726 2491 2803 sequatur
2549 2720 2713 2786 inter
2754 2720 3061 2802 prefatum

716 2825 1035 2891 dominum
1096 2824 1327 2906 Regem
1382 2823 1706 2905 Hungarie
1751 2828 1817 2887 et
1860 2840 1974 2886 nos
2028 2821 2300 2903 gratiose
2349 2825 2417 2886 et
2451 2823 2718 2887 humane
2762 2828 3060 2904 tanquam

725 2926 1299 2991 christianissimus
1353 2925 1651 3007 Princeps
1710 2943 1825 2990 nos
1882 2924 2224 2989 inducendo
2275 2928 2341 2988 et
2380 2924 2736 2990 advocando
2779 2925 2860 2990 ad
2903 2924 3064 2989 hanc

711 3046 965 3110 pacem3
1034 3027 1149 3093 hec
1191 3031 1362 3093 certe
1405 3028 1752 3109 procedunt
1812 3043 1888 3089 ex
1945 3024 2216 3089 maxima
2277 3024 2607 3089 clementia
2648 3030 2713 3091 et
2755 3026 3064 3108 sapientia

712 3148 836 3212 que
876 3128 1087 3211 vigent
1128 3129 1195 3193 in
1240 3126 1369 3193 Sua
1411 3128 1765 3193 Maiestate.
1860 3125 1984 3190 Pro
2028 3124 2250 3205 quibus
2303 3126 2652 3191 exolventes
2696 3126 2819 3192 Sue
2861 3127 3059 3192 Maie-

710 3231 868 3297 stati
908 3231 1185 3296 actiones
1246 3231 1595 3312 gratiarum
1642 3247 1832 3311 quam
1882 3227 2198 3293 uberiores
2241 3246 2584 3309 possumne,
2648 3228 3061 3293 certificamus

712 3330 907 3399 Suam
937 3332 1390 3397 Excellentiam
1420 3332 1588 3414 quod
1620 3328 2016 3410 interpositio
2054 3328 2175 3393 Sue
2204 3329 2554 3393 Maiestatis
2587 3335 2684 3394 est
2711 3328 2891 3395 nobis
2919 3348 3063 3411 gra-

709 3434 957 3501 tissima
998 3438 1065 3498 et
1106 3431 1410 3498 habemus
1471 3431 1591 3497 hoc
1652 3432 1717 3495 in
1765 3430 2081 3511 singulare
2131 3430 2421 3511 gaudium
2463 3434 2714 3510 propter
2755 3432 3062 3495 maximas

707 3537 979 3602 virtutes
1024 3552 1187 3599 suas.
1258 3533 1347 3597 Et
1390 3533 1542 3614 quia
1583 3550 1709 3596 non
1739 3529 2100 3595 dubitamus
2128 3548 2268 3611 ymo
2301 3548 2512 3594 sumus
2536 3530 2864 3595 certissimi
2893 3531 3059 3612 quod

710 3635 972 3702 habebit
1017 3635 1317 3700 honorem
1362 3638 1428 3698 et
1463 3634 1611 3715 jura
1653 3635 1873 3696 nostra
1919 3628 2129 3694 favore
2167 3630 2435 3711 propitio
2486 3631 2898 3697 recommissa.
2973 3633 3062 3697 Et

707 3741 1049 3823 propterea
1091 3754 1207 3818 pro
1252 3739 1434 3817 parte
1476 3732 1679 3798 nostri
1726 3729 1985 3795 dominii
2029 3730 2387 3794 devotorum
2431 3730 2766 3797 amicorum
2797 3731 2922 3798 Sue
2952 3733 3060 3799 Se-

702 3838 998 3907 renitatis
1060 3836 1535 3921 presentavistis
1593 3852 1705 3898 vos
1752 3849 1961 3896 coram
2006 3834 2334 3911 conspectu
2393 3849 2504 3896 suo
2562 3833 2750 3913 regio,
2813 3840 2886 3897 ut
2945 3853 3060 3917 per

702 3942 979 4009 medium
1020 3944 1087 4004 et
1130 3937 1668 4018 interpositionem
1727 3950 1910 3998 suam
1972 3932 2170 4011 possit
2225 3931 2361 3996 dari
2413 3932 2636 3996 bonum
2685 3932 3059 4016 principium

700 4044 928 4109 melius
966 4040 1240 4106 medium
1287 4042 1352 4103 et
1394 4037 1637 4117 optima
1674 4031 1988 4099 conclusio
2031 4031 2176 4095 huic
2219 4032 2372 4111 paci,
2421 4032 2844 4113 subiungendo
2889 4036 3058 4116 quod

700 4163 950 4227 semper
989 4140 1325 4211 habuimus
1380 4139 1523 4203 odio
1586 4152 1845 4217 guerras
1888 4138 1953 4196 et
1997 4132 2074 4195 ad
2118 4150 2400 4212 guerram
2447 4152 2566 4196 non
2612 4134 2892 4199 vonimus
2935 4137 3060 4201 nisi

698 4247 921 4329 coacti,
969 4248 1137 4311 teste
1180 4241 1332 4322 Dec,
1379 4240 1532 4322 quia
1586 4244 1819 4301 natura
1849 4237 2201 4298 nostrorum
2245 4232 2701 4313 progenitorum
2746 4240 2812 4300 et
2853 4238 3058 4304 nostri
