3793 5187
1984 634 2105 697 172

1849 923 2225 1001 LXXIV.

1376 1080 1837 1151 mcccctxxvl.
1877 1082 1976 1152 die
2018 1085 2084 1152 Χ.
2130 1086 2399 1152 ianuarii.
2448 1086 2553 1170 (m.
2592 1083 2672 1164 v.)

1023 1229 1248 1298 Ioanni
1289 1231 1580 1316 Baptiste
1615 1234 1945 1304 Trivisano
1981 1237 2333 1305 Secretario
2372 1241 2589 1304 nostro
2640 1238 2709 1302 in
2748 1232 3031 1300 Polonia.

1055 1351 1490 1420 Intelleximus
1534 1357 1660 1421 tuis
1713 1356 1924 1423 literis
1984 1359 2325 1424 discessum
2379 1376 2421 1423 a
2478 1363 2544 1422 te
2602 1355 2867 1422 oratoris
2908 1353 3205 1418 Tartaro-

853 1473 994 1520 rum
1039 1461 1106 1522 et
1149 1457 1508 1524 missionem
1551 1459 1722 1526 illius
1763 1461 1971 1526 nuntii
2030 1479 2171 1526 cum
2216 1480 2312 1539 eo,
2370 1466 2436 1526 et
2478 1465 2705 1538 cetera,
2769 1474 2891 1538 que
2946 1457 3029 1521 ad
3087 1471 3203 1519 nos

854 1560 1168 1642 scripsisti
1211 1578 1327 1626 nec
1371 1580 1520 1642 non,
1584 1580 1710 1644 que
1763 1581 1906 1629 cum
1966 1564 2141 1644 regia
2199 1563 2535 1630 Maiestate
2574 1561 2831 1628 Polonie
2874 1577 3093 1642 egeras
3136 1557 3205 1622 in

854 1663 1288 1729 executionem
1331 1663 1776 1730 mandatorum
1811 1671 2173 1732 nostrorum
2218 1671 2285 1732 et
2324 1667 2537 1731 omnia
2580 1665 2928 1730 laudamus.
3010 1661 3204 1726 Venit

849 1770 1065 1832 autem
1107 1783 1314 1849 nuper
1382 1768 1464 1832 ad
1533 1773 1818 1834 nostram
1878 1769 2263 1851 presentiam
2331 1768 2729 1835 Calimachus
2768 1771 2981 1834 orator
3020 1765 3203 1830 istius

850 1869 1252 1935 Serenissimi
1301 1868 1538 1935 domini
1585 1871 1754 1952 regis
1799 1870 2081 1951 Polonie‚
2142 1889 2327 1954 quem
2365 1868 2703 1937 honorifice
2744 1869 3095 1951 excepimus
3137 1869 3205 1932 et

848 1977 1238 2039 tractamus:
1322 1971 1411 2036 Et
1468 1973 1550 2038 ad
1593 1974 1983 2056 propositum
2049 1976 2328 2057 practice
2387 1981 2495 2042 tue
2552 1974 2753 2040 multa
2794 1973 3082 2056 exposuit
3120 1972 3201 2036 de

848 2075 1022 2140 illius
1066 2075 1439 2140 difficultate
1482 2080 1548 2140 et
1603 2076 1997 2158 quodamodo
2039 2076 2581 2160 impossibilitate:
2641 2079 2706 2141 et
2752 2075 2833 2140 de
2886 2074 3199 2157 periculiS‚

849 2194 974 2258 que
1037 2183 1300 2260 possent
1359 2197 1437 2244 ex
1495 2198 1572 2245 ea
1638 2181 1814 2262 regio
1871 2181 2071 2246 statui
2120 2181 2425 2260 accidere,
2485 2179 2653 2245 sicut
2707 2183 2773 2243 te
2814 2195 2945 2243 non
2998 2177 3199 2242 latere

851 2283 1026 2345 certo
1071 2281 1318 2362 scimus,
1365 2283 1660 2364 quoniam
1703 2289 1921 2350 tamen
1960 2284 2317 2351 huiusmodi
2356 2283 2640 2350 habitum
2682 2299 3030 2348 sermonem
3073 2297 3199 2345 non

850 2382 1232 2450 dubitamus.
1310 2385 1445 2452 Nos
1487 2391 1700 2452 autem
1739 2388 1941 2453 eidem
1988 2388 2227 2453 oratori
2272 2393 2370 2453 ter
2402 2387 2853 2469 respondimus,
2902 2383 3199 2468 quoniam

846 2491 946 2552 ter
991 2487 1214 2552 melius
1263 2488 1570 2574 declarari
1610 2490 1801 2571 petiit
1855 2490 2023 2556 sicut
2074 2510 2153 2555 ex
2212 2489 2471 2556 inclusis
2513 2491 2791 2573 ipsorum
2840 2493 3199 2554 nostrorum

845 2590 1325 2673 responsionum
1387 2593 1690 2675 exemplis
1749 2592 2006 2659 videbis.
2096 2593 2443 2674 NescimuS,
2502 2596 2668 2675 quod
2722 2598 2797 2658 tu
2856 2591 2935 2657 de
2974 2609 3047 2656 re
3086 2589 3199 2655 illa

853 2694 938 2758 ad
981 2694 1250 2760 istarum
1304 2695 1729 2778 receptionem
1785 2698 1938 2767 ,novi
1994 2696 2285 2763 habueris
2341 2695 2439 2762 vel
2498 2715 2610 2778 per
2664 2696 2936 2761 reditum
2993 2692 3199 2758 nuntii

843 2796 937 2861 tui
983 2796 1084 2862 vel
1131 2796 1318 2863 aliter
1353 2798 1435 2863 de
1477 2797 1917 2882 progressibus
1958 2798 2367 2881 Imperatoris
2405 2797 2811 2863 Tartarorum
2850 2800 2917 2862 et
2958 2798 3036 2861 de
3082 2814 3197 2861 sua

845 2898 1278 2980 dispositione.
1371 2899 1496 2967 Sed
1532 2902 1615 2967 ab
1659 2900 2006 2969 Emanuele
2056 2902 2341 2968 Gerardo
2399 2902 2723 2984 nuperime
2764 2920 2843 2967 ex
2883 2899 3198 2965 Moldavia

846 3019 1064 3068 sumus
1154 3002 1308 3069 facti
1376 3005 1678 3070 certiores
1739 3003 2039 3071 Tartaros
2095 3003 2377 3071 confiniis
2426 3003 2725 3087 Vayvode
2788 3000 3027 3069 Stefani
3084 3002 3194 3066 ad-

851 3102 1094 3170 hesisse
1138 3108 1464 3188 reputatos
1507 3108 1745 3173 amicos
1795 3113 1862 3173 et
1918 3112 2279 3190 expectatos
2329 3105 2411 3172 ab
2452 3106 2666 3171 eodem
2713 3104 2989 3185 Stefano‚
3032 3103 3197 3169 sicut

854 3224 970 3289 per
1012 3207 1322 3273 inclusum
1372 3209 1726 3291 exemplum
1770 3208 2093 3276 literarum
2139 3227 2295 3292 quas
2340 3208 2507 3273 idem
2543 3208 2846 3291 Vayvoda
2882 3208 2965 3272 ad
3006 3206 3195 3271 Ema-

846 3308 1094 3374 nuelem
1137 3308 1358 3375 scribit
1401 3310 1727 3393 inspicies:
1774 3316 1839 3378 et
1880 3312 2061 3377 nobis
2120 3312 2310 3377 etiam
2376 3311 2683 3377 incertum
2744 3314 2861 3387 est,
2925 3326 3193 3392 quenam

847 3410 934 3476 sit
977 3410 1088 3475 illa
1129 3430 1302 3493 gem,
1347 3413 1561 3494 magni
1604 3414 1846 3481 scilicet
1872 3414 2295 3497 Imperatoris,
2338 3432 2423 3479 an
2458 3432 2581 3497 que
2621 3415 2787 3480 circa
2816 3412 3054 3479 Caffam
3083 3412 3195 3477 de-

851 3514 1084 3578 morari
1129 3514 1324 3581 solet:
1372 3517 1482 3581 sed
1521 3533 1894 3599 quecunque
1935 3518 2048 3583 illa
2104 3517 2205 3597 sit,
2254 3524 2320 3583 et
2376 3518 2932 3600 quomodocunque
2978 3532 3193 3581 succe-

846 3616 958 3681 dat
999 3618 1282 3697 practica
1325 3622 1457 3700 tua,
1486 3636 1612 3685 non
1649 3619 1896 3685 videtur
1924 3617 2105 3685 nobis
2131 3624 2208 3685 ut
2234 3621 2577 3686 deserenda
2618 3619 2730 3684 illa
2776 3618 2881 3698 sit,
2910 3618 3020 3684 sed
3047 3635 3194 3682 con-

851 3719 1164 3785 servanda
1207 3721 1420 3802 potius
1465 3722 1549 3787 ad
1593 3722 2054 3804 reputationem
2098 3724 2343 3803 saltem,
2402 3723 2650 3805 quando
2692 3721 2886 3787 etiam
2935 3718 3193 3785 effectus

846 3821 1080 3902 aliquis
1123 3822 1302 3904 sequi
1345 3842 1470 3889 non
1514 3822 1784 3890 deberet.
1832 3824 1961 3891 Sed
1998 3843 2140 3890 cum
2183 3825 2351 3889 omni
2394 3825 2771 3891 dexteritate
2817 3828 2884 3889 et
2924 3840 3193 3888 commo-

845 3923 1048 3989 ditate
1092 3929 1158 3990 et
1202 3942 1342 3991 cum
1388 3926 1652 3991 scientia
1693 3928 1866 4011 regie
1927 3926 2284 3993 Maiestatis
2340 3932 2414 3992 tu
2472 3926 2751 3993 actiones
2794 3928 2939 3991 tuas
2983 3924 3193 3989 mode-

841 4044 988 4091 rare
1051 4032 1118 4093 et
1180 4026 1461 4109 guberna
1476 4077 1493 4107 ‚
1582 4032 1649 4093 et
1712 4028 1923 4095 omnia
1998 4029 2248 4112 querito
2320 4029 2574 4095 studeto
2636 4034 2701 4093 et
2770 4026 2999 4093 efficito
3069 4044 3193 4109 que

839 4134 1028 4212 grata
1075 4129 1448 4196 celsitudini
1491 4132 1662 4214 regie
1724 4129 1859 4198 fore
1921 4132 2324 4211 intellexeriS‚
2397 4136 2464 4197 et
2519 4129 2601 4197 ab
2666 4130 2831 4196 omni
2874 4147 3006 4208 suo,
3046 4146 3191 4194 suo-

845 4250 1108 4315 rumque
1179 4232 1574 4299 subditorum
1630 4234 1906 4315 periculo
1962 4240 2029 4300 et
2085 4234 2413 4301 incomodo
2468 4234 2803 4319 longinqua
2847 4238 2911 4299 et
2962 4232 3189 4297 aliena:

841 4339 916 4399 ut
959 4340 1025 4401 et
1066 4336 1133 4400 in
1177 4342 1291 4401 tua
1333 4352 1696 4418 expressum
1744 4337 2243 4402 commissionem
2310 4336 2567 4403 veniant
2610 4336 2801 4400 etiam
2846 4334 3029 4400 amici
3074 4331 3190 4399 Se-

845 4437 1158 4503 renissimi
1198 4438 1434 4503 domini
1478 4438 1643 4520 regis
1686 4442 1752 4504 et
1793 4440 2068 4504 omnium
2102 4439 2447 4505 amicorum
2481 4443 2854 4504 nostrorum:
2902 4430 3006 4503 Sin
3044 4454 3191 4503 ven-

841 4540 971 4605 turi
1031 4559 1158 4608 non
1218 4546 1367 4607 sunt
1433 4542 1715 4625 practica
1783 4542 1975 4609 etiam
2038 4560 2249 4608 secum
2303 4541 2479 4608 nullo
2536 4542 2721 4607 modo
2778 4539 2964 4606 rebus
3019 4538 3191 4621 regie
