3793 5187
1793 503 1922 570 140

1753 795 1969 872 LXI.

1048 933 1486 1004 'dccccxl-llll.
1527 932 1624 1002 die
1667 933 1822 1001 ΧνΙΙ.
1868 934 2121 1002 ianuarii
2167 939 2359 1012 (more
2396 933 2657 1011 veneto).

1279 1103 1506 1172 Inclito
1549 1104 1816 1171 Domino
1860 1105 2143 1190 Despoto
2186 1104 2428 1172 Rassie.

887 1243 988 1310 Ad
1033 1242 1336 1308 noticiam
1374 1247 1654 1308 nostram
1700 1242 1962 1309 diversis
1991 1242 2189 1310 modis
2219 1243 2557 1309 deductum
2584 1245 2699 1322 est,
2730 1240 3025 1307 Vaetram

684 1346 979 1413 Inclitam
1022 1343 1550 1428 Magnificentiam
1595 1349 1796 1411 terras
1840 1351 1907 1412 et
1940 1347 2078 1412 loca
2104 1365 2219 1412 sua
2246 1363 2666 1430 recuperasse,
2712 1348 2780 1410 et
2822 1343 2889 1409 in
2916 1342 3029 1408 do-

688 1449 884 1516 minio
927 1466 1042 1515 suo
1085 1448 1442 1514 restitutam
1490 1465 1642 1528 esse,
1697 1449 1778 1514 de
1813 1468 1937 1532 quo
1982 1448 2259 1532 profecto
2302 1467 2377 1515 ex
2419 1447 2721 1530 singulari
2764 1451 2832 1513 et
2870 1445 3033 1511 anti-

691 1551 994 1635 quissima
1057 1549 1384 1617 affectione
1447 1555 1666 1616 nostra
1725 1551 1804 1616 ad
1867 1555 2141 1617 vestram
2206 1550 2661 1618 Excellentiam
2719 1549 3035 1632 ingentem

685 1655 880 1721 animi
928 1654 1416 1721 consolationem
1460 1654 1830 1736 accepimuS,
1880 1672 2022 1721 cum
2066 1672 2308 1720 omnem
2354 1651 2585 1720 bonum
2620 1656 2877 1731 statum,
2922 1650 3035 1717 ho-

689 1775 875 1824 nores
915 1761 983 1823 et
1025 1756 1286 1823 comoda
1323 1761 1552 1838 vestra,
1607 1758 1864 1841 propria
1910 1762 2287 1841 reputemus.
2380 1757 2675 1823 Preterea
2716 1754 2881 1821 sicut
2920 1773 3037 1818 nu-

684 1861 920 1943 perime
983 1857 1404 1924 intelleximus
1461 1877 1502 1924 a
1562 1859 1828 1926 Rectore
1890 1867 2109 1927 nostro
2174 1854 2439 1940 Scutari,
2504 1859 2769 1938 videtur,
2830 1861 3037 1923 certas

689 1960 1126 2029 innovationes
1169 1961 1235 2026 in
1275 1965 1468 2042 genta
1527 1961 1830 2043 superiori
1887 1963 2136 2028 nomine
2181 1962 2409 2028 Vestre
2454 1959 2859 2040 Excellentie,
2920 1977 3037 2024 nu-

688 2084 805 2149 per
847 2082 986 2130 esse
1031 2068 1298 2143 secutast,
1369 2062 1447 2128 de
1499 2061 1727 2146 quibus
1791 2070 1980 2144 certe,
2045 2064 2436 2131 considerato
2479 2066 2786 2146 quantum
2829 2059 3037 2128 affecti

689 2184 906 2231 sumus
948 2165 1149 2232 incliti
1201 2183 1464 2248 persone
1504 2171 1729 2247 vestre,
1777 2173 1842 2232 et
1884 2185 2071 2249 quam
2116 2165 2395 2233 fraterne
2438 2166 2638 2248 ipsam
2681 2163 3033 2246 diligamuS,

691 2269 760 2334 in
796 2269 1070 2351 aliquam
1113 2267 1590 2334 admirationem
1631 2268 1872 2334 inducti
1917 2287 2153 2350 sumus,
2214 2268 2677 2335 considerantes
2720 2267 3035 2349 precipue,

689 2371 856 2454 quod
905 2371 960 2436 si
1001 2370 1081 2437 de
1121 2368 1411 2435 manibus
1455 2369 1720 2437 Comitis
1767 2370 2009 2437 Stefani
2049 2371 2329 2438 Vaivode
2383 2369 2619 2454 publici
2670 2369 2873 2436 hostis
2916 2368 3041 2434 Ve-

695 2478 828 2541 stre
865 2473 1090 2540 Inclite
1133 2471 1616 2555 Magnificentie,
1665 2478 1732 2539 et
1765 2474 1986 2554 nostri,
2032 2474 2098 2539 in
2140 2493 2385 2557 guerra,
2440 2491 2629 2556 quam
2672 2489 2883 2538 seeum
2926 2470 3039 2537 ha-

691 2577 959 2659 buimus,
1005 2580 1071 2642 et
1113 2573 1434 2656 habemus,
1479 2574 1718 2659 aliquid
1761 2573 1878 2641 sibi
1907 2576 2277 2659 accepimus,
2325 2575 2491 2660 quod
2520 2580 2800 2643 vestrum
2828 2572 3037 2655 fuerit,

688 2680 1120 2749 existimamus
1167 2698 1245 2745 ex
1289 2678 1428 2758 hoc,
1473 2696 1604 2743 rem
1647 2684 1894 2761 gratam
1940 2683 2007 2745 et
2048 2684 2372 2763 acceptam
2400 2678 2620 2745 fecisse
2651 2676 3039 2744 Excellentie

688 2783 935 2864 Vestre,
1000 2800 1116 2847 nec
1159 2785 1328 2847 certe
1369 2784 1701 2863 propterea
1755 2798 1913 2863 opus
1956 2785 2094 2846 erat
2135 2781 2215 2847 ad
2258 2781 2533 2863 aliquam
2575 2779 3037 2846 innovationem

689 2885 961 2969 procedi,
1006 2882 1304 2967 quoniam
1347 2883 1403 2948 si
1444 2882 1672 2949 Inclita
1700 2882 1932 2949 Vestra
1961 2882 2449 2967 Magnificentia,
2491 2884 2655 2950 sicut
2684 2886 2902 2949 nostre
2931 2882 3037 2950 be-

685 2988 1025 3055 nivolentie
1069 2986 1374 3067 convenit,
1437 2987 1712 3053 misisset
1756 2987 1836 3053 ad
1879 3004 2013 3067 nos,
2075 2986 2407 3053 fuissemus
2458 3004 2701 3069 semper
2744 2986 2904 3054 bene
2944 2988 3039 3053 di-

691 3090 912 3174 spositi
941 3091 1022 3157 ad
1053 3090 1484 3157 convenientia
1509 3094 1578 3156 et
1610 3089 1892 3157 honesta.
1963 3089 2313 3157 Statuimus
2350 3091 2567 3174 itaque
2598 3090 2664 3155 in
2696 3090 3036 3173 premissiS,

689 3198 962 3260 mentem
1005 3196 1289 3260 nostram
1333 3193 1560 3259 Vestre
1601 3193 1987 3261 Excellentie
2042 3194 2377 3273 declarare,
2438 3196 2735 3275 rogantes
2778 3194 3038 3260 eandem

691 3294 1109 3362 amicabiliter
1137 3302 1204 3362 et
1227 3294 1523 3375 fraterne,
1571 3302 1643 3361 ut
1682 3296 2009 3378 providere
2035 3296 2301 3377 placeat,
2348 3295 2513 3378 quod
2555 3295 2869 3363 novitates
2898 3315 3040 3379 pre-

697 3399 863 3465 dicte
906 3397 1213 3465 tollantur
1253 3398 1321 3464 in
1363 3403 1586 3476 totum,
1646 3400 1810 3464 sicut
1849 3404 2066 3465 mutue
2108 3396 2523 3465 benivolentie
2558 3402 2776 3464 nostre
2814 3416 3037 3466 conve·

691 3501 806 3566 nit.
874 3499 962 3566 Et
1004 3500 1060 3565 si
1088 3498 1318 3565 Vestra
1363 3498 1582 3565 inclita
1627 3499 2096 3582 Magnificentia
2144 3500 2223 3565 ad
2273 3518 2389 3565 nos
2442 3498 2702 3583 miserit,
2762 3500 3042 3568 inveniet

691 3620 826 3685 noS,
877 3607 950 3669 ut
995 3602 1395 3685 prediximuS,
1443 3620 1687 3685 semper
1730 3607 2053 3685 promptos
2083 3603 2164 3668 ad
2194 3603 2623 3670 convenientia
2652 3606 2718 3669 et
2744 3602 3033 3670 honesta.

996 3739 1094 3805 De
1126 3742 1309 3820 parte
1436 3737 1564 3803 alii.

994 3841 1092 3907 De
1133 3858 1258 3907 non
1504 3843 1565 3904 3.

995 3942 1140 4009 Non
1185 3942 1411 4010 sinceri
1505 3946 1567 4008 9.

1047 4093 1314 4167 (ΑνοΙιίυίο
1349 4093 1408 4149 di
1441 4092 1596 4149 Scato
1629 4093 1685 4147 in
1719 4091 1962 4158 Venetia,

688 4180 1136 4240 Deliberazioni
1162 4180 1391 4238 Sonam
1429 4178 1671 4247 Secreti,
1715 4196 1825 4251 reg
1835 4192 1871 4223 ⁰·
1900 4180 1967 4233 16
2002 4196 2051 4236 e.
2088 4180 2190 4237 139
2224 4181 2315 4249 τῦ.)
