3793 5187
1758 528 1879 596 115

647 735 778 802 leat
818 736 1235 819 pertransire,
1284 738 1579 819 quoniam
1622 737 1744 802 nisi
1790 756 1898 804 res
1929 736 2142 803 votive
2172 735 2530 816 succedant,
2574 735 2986 802 clarissimum

648 844 748 905 est
790 839 961 921 quod
1022 858 1139 906 nos
1198 840 1633 923 principaliter
1691 840 2141 907 sustinebimus
2192 859 2346 905 onus
2397 844 2462 906 et
2503 839 2752 921 pondus
2795 840 2985 905 huius

644 943 757 1021 rei,
817 942 999 1008 vadit
1052 960 1203 1026 pars
1264 943 1436 1025 quod
1496 943 1811 1009 scribatur
1858 943 2206 1026 Capitaneo
2260 948 2482 1009 nostro
2544 940 2704 1008 Culfi
2754 941 2818 1007 111
2866 941 2985 1007 hac

644 1044 847 1111 forma
890 1044 1203 1111 videlicet.

848 1164 975 1231 Per
1016 1164 1175 1231 alias
1217 1165 1440 1232 literas
1482 1171 1737 1233 nostras
1784 1166 2006 1233 diebus
2035 1166 2359 1249 preteritis
2390 1167 2571 1233 vobis
2605 1167 2985 1233 iniunximus

645 1272 718 1333 ut
758 1269 1016 1334 mittere
1066 1268 1384 1335 deberetis
1433 1288 1623 1335 unam
1674 1289 1753 1336 ex
1798 1270 1998 1353 galeis
2041 1270 2279 1336 nostris
2321 1269 2426 1335 1110
2469 1270 2729 1337 armatis
2773 1270 2984 1337 vobis-

647 1388 787 1436 cum
832 1371 1277 1451 existentibuS,
1332 1392 1472 1439 cum
1516 1373 1655 1439 viro
1699 1373 1914 1439 nobile
1958 1372 2282 1439 Ludovico
2328 1372 2708 1439 Lauredano
2755 1391 2984 1455 procu-

644 1478 863 1540 ratore
900 1473 1165 1541 ecclesie
1204 1475 1407 1542 sancti
1452 1474 1654 1542 Marci
1698 1475 2047 1558 Capitaneo
2094 1474 2418 1557 galearum
2455 1480 2842 1541 armatarum
2871 1494 2984 1541 no-

643 1578 811 1643 mine
855 1578 1081 1643 summi
1124 1576 1453 1645 Pontificis
1497 1584 1569 1643 ut
1611 1577 1729 1645 sub
1777 1578 1914 1645 eius
1969 1583 2141 1644 esset
2187 1577 2610 1657 obhedientia‚
2675 1596 2804 1645 una
2846 1597 2988 1644 cum

646 1679 845 1762 galeis
887 1679 1303 1763 Nigropontis
1346 1685 1413 1746 et
1459 1680 1761 1763 Neapolis
1792 1680 2101 1747 Romanie
2145 1699 2220 1747 ac
2253 1680 2524 1763 galeotis
2561 1680 2985 1765 Egeopelagi3

646 1782 829 1849 Nunc
877 1782 1165 1850 volumus
1212 1788 1278 1849 et
1322 1783 1503 1851 vobis
1545 1784 1916 1851 mandamus
1961 1803 2100 1850 cum
2142 1788 2364 1849 nostro
2410 1783 2671 1851 consilio
2701 1784 2986 1867 Rogato-

644 1905 785 1952 rum
835 1890 1147 1967 quatenus
1193 1892 1451 1970 recepto
1497 1887 1782 1969 presenti
1824 1890 2045 1952 nostro
2090 1885 2413 1966 mandato,
2451 1884 2613 1951 bene
2657 1886 2722 1952 in
2763 1886 2987 1953 ordine

644 2008 883 2072 ponere
928 1988 1215 2056 debeatis
1245 1990 1494 2072 galeam
1536 1990 1614 2055 de
1645 1990 1931 2057 Venetiis
1969 1989 2294 2057 vobiscum
2323 1994 2673 2057 restantem
2702 1996 2768 2056 et
2796 2010 2986 2055 unam

648 2110 723 2158 ex
770 2092 973 2175 galeis
1019 2093 1098 2159 de
1145 2094 1339 2161 Creta
1381 2093 1703 2160 vobiscum
1751 2093 2186 2175 existentibus,
2254 2099 2320 2159 et
2358 2094 2802 2177 supracomitis
2846 2093 2986 2158 illa-

642 2214 782 2260 rum
825 2195 1172 2278 iniungere,
1222 2201 1295 2263 ut
1334 2198 1427 2263 ire
1473 2198 1749 2264 debeant
1792 2198 1961 2263 omni
2007 2214 2148 2262 cum
2189 2196 2520 2280 diligentia
2563 2198 2654 2263 eis
2693 2195 2985 2278 possibili

645 2298 727 2363 ad
767 2298 1256 2381 repperiendum
1304 2300 1805 2382 suprascriptum
1852 2298 1972 2365 Scr
2015 2298 2405 2365 Ludovicum
2447 2297 2828 2364 Lauredano
2879 2299 2988 2380 qui

643 2404 716 2466 ut
758 2401 924 2467 scire
972 2401 1219 2468 debetis
1263 2403 1328 2468 in
1374 2402 1663 2468 strictum
1706 2401 2016 2484 Galipolis
2061 2402 2351 2481 accessit,
2397 2405 2463 2467 et
2507 2401 2592 2466 ad
2633 2402 2832 2483 ipsius
2866 2400 2986 2467 Ser

642 2502 951 2570 Ludovici
993 2522 1133 2570 esse
1175 2510 1241 2569 et
1286 2510 1463 2569 stare
1508 2503 1954 2584 obedientiam,
1999 2503 2180 2570 vobis
2227 2504 2607 2570 denotantes
2655 2503 2823 2586 quod
2854 2504 2986 2569 ius-

644 2606 838 2674 simus
882 2606 1199 2690 Regimini
1250 2607 1545 2691 Corphoy
1588 2613 1663 2673 ut
1704 2609 1861 2690 ipsis
1909 2607 2154 2674 duabus
2214 2608 2414 2691 galeis
2466 2608 2576 2674 det
2617 2607 2984 2675 subventio-

644 2728 787 2775 nem
820 2714 885 2775 et
914 2715 1159 2776 tantam
1184 2712 1547 2794 panaticam
1583 2715 1882 2794 quantam
1927 2711 2144 2778 levare
2181 2715 2504 2794 poterunt,
2551 2715 2616 2776 et
2643 2716 2987 2792 propterea

646 2812 737 2878 eis
782 2813 1092 2896 iniungite
1138 2818 1212 2880 ut
1272 2813 1351 2880 de
1400 2833 1477 2880 ea
1520 2815 1737 2880 levare
1804 2815 2107 2880 studeant
2170 2819 2473 2896 quantum
2539 2812 2843 2896 possibile
2893 2813 2984 2878 eis

643 2914 745 2996 sit,
804 2920 871 2982 et
925 2916 992 2981 in
1050 2917 1451 3000 Nigroponte
1512 2918 1592 2983 de
1649 2917 1776 2982 alia
1832 2917 2149 3000 accipiant
2201 2935 2319 3001 pro
2378 2917 2737 3002 quantitate
2797 2933 2985 2997 quam

642 3035 844 3101 11311110
884 3019 967 3088 1111
1014 3037 1154 3086 011111
1198 3021 1406 3088 10011111
1452 3027 1999 3104 consumpserunt.

945 3157 1047 3224 De
1091 3162 1279 3241 parte
1322 3161 1422 3226 88.

1271 3363 1609 3446 Sapientes
1655 3382 1873 3432 omnes
1917 3365 2330 3448 ultrascripti.

845 3518 979 3586 Vos
1028 3537 1180 3585 vero
1229 3539 1368 3585 cum
1406 3521 1669 3603 reliquis
1716 3521 1917 3603 galeis
1963 3521 2144 3587 vobis
2204 3520 2594 3587 restantibus
2639 3539 2754 3586 vos
2797 3521 2985 3586 redu-

641 3639 783 3686 cere
824 3620 1110 3688 debeatis
1154 3641 1270 3704 per
1300 3623 1440 3688 loca
1469 3630 1687 3689 nostra
1714 3623 2034 3690 Dalmatie
2077 3642 2279 3706 usque
2326 3623 2598 3702 Iadram‚
2646 3627 2711 3688 et
2742 3623 2892 3704 quia
2920 3625 2986 3689 in

637 3723 930 3806 partibus
973 3722 1259 3791 Marchie
1301 3726 1753 3808 repperiuntur
1796 3725 2010 3807 alique
2054 3725 2330 3808 galleote
2376 3725 2828 3792 catellanorum
2861 3745 2985 3808 que

642 3825 1050 3893 damnificant
1092 3830 1467 3911 navigantes
1498 3849 1613 3913 per
1644 3827 1785 3895 illas
1816 3847 2036 3912 aquas,
2086 3834 2151 3895 et
2197 3829 2560 3912 specialiter
2590 3833 2811 3895 euntes
2842 3829 2982 3893 Fir-

617 3949 811 3995 ·mum
856 3934 922 3996 et
966 3948 1037 3996 se
1079 3931 1393 3998 reducunt
1435 3933 1499 3997 in
1542 3937 1798 4015 portum
1844 3932 2174 4012 Pensauri,
2217 3932 2506 3998 volumus
2551 3937 2624 3996 ut
2665 3931 2983 3997 interdum

641 4031 720 4097 de
762 4032 957 4097 Iadra
1005 4052 1117 4098 vos
1165 4033 1451 4100 debeatis
1514 4035 1802 4100 conferre
1839 4034 2204 4100 Anchonam
2263 4039 2330 4100 et
2392 4035 2545 4099 dare
2605 4034 2786 4100 vobis
2831 4052 2982 4115 ope-

639 4153 775 4200 ram
820 4135 1254 4217 persentiendi
1299 4136 1378 4202 de
1418 4137 1603 4203 dictis
1668 4137 1938 4220 galeotis
1984 4142 2051 4202 et
2093 4156 2208 4221 per
2255 4136 2400 4202 illos
2443 4136 2668 4203 modos
2713 4138 2822 4217 qui
2869 4155 2981 4202 vo-

637 4235 736 4304 bis
766 4237 1147 4304 videbuntur
1193 4258 1334 4306 cum
1364 4242 1707 4306 securitate
1739 4259 1882 4307 esse
1918 4240 2243 4323 galearum
2273 4240 2454 4306 vobis
2488 4240 2978 4319 commissarum,

640 4340 975 4406 attendere
1019 4340 1101 4406 ad
1143 4361 1360 4408 earum
1390 4344 1899 4425 persecutionem
1927 4362 2054 4409 non
2085 4343 2474 4410 transeundo
2505 4347 2718 4408 tamen
2747 4340 2980 4406 flumen

640 4442 883 4528 Tronti,
930 4451 995 4515 et
1035 4446 1100 4514 in
1134 4445 1312 4516 Culfo
1356 4451 1573 4514 nostro
1608 4466 1721 4515 vos
1752 4447 2018 4530 nutrire,
2061 4446 2448 4516 attendendo
2494 4445 2576 4515 ad
2620 4443 2850 4512 bonam
2878 4462 2980 4514 so-
