3793 5187
1926 617 2049 683 156

1803 906 2181 982 LXVIII.

1475 1043 1935 1113 mcccctxxvn.
1982 1045 2078 1112 die
2123 1047 2258 1113 xux.
2304 1046 2459 1129 maij.

1339 1195 1756 1262 Serenissimo
1797 1197 2071 1263 Domino
2116 1199 2280 1281 Regi
2323 1197 2601 1265 Polonie.

1007 1314 1224 1381 Rediit
1267 1315 1352 1380 ad
1393 1333 1512 1381 nos
1559 1316 1818 1381 tandem
1860 1317 1905 1382 J
1906 1335 2139 1384 oannes
2180 1317 2481 1400 Baptista
2520 1314 2885 1382 Trivisanus
2928 1313 3149 1380 Secre-

785 1417 1007 1483 »tarius
1050 1421 1288 1498 noster,
1339 1435 1528 1498 quem
1564 1419 1884 1499 superiori
1946 1423 2234 1501 tempore
2296 1418 2380 1484 ad
2422 1419 2883 1500 Imperatorem
2926 1416 3148 1482 Tarta-

804 1538 1024 1586 rorum
1061 1519 1145 1585 ad
1190 1519 1542 1586 amiciciam
1611 1538 1750 1586 cum
1793 1521 1905 1587 illo
1978 1524 2052 1606 et·
2110 1521 2194 1588 ad
2237 1520 2389 1588 belli
2436 1525 2660 1588 contra
2724 1519 3150 1586 Othomanum

805 1622 1186 1688 societatem
1229 1621 1558 1705 provocati
1603 1623 1999 1688 miseramus,
2080 1622 2397 1704 Venitque
2438 1627 2657 1688 orator
2702 1620 2985 1688 eiusdem
3026 1620 3150 1686 Im-

793 1725 1142 1806 peratoria
1189 1730 1256 1790 et
1299 1744 1376 1791 ex
1425 1724 1636 1791 verbis
1679 1724 1722 1791 J
1724 1725 1946 1790 oannis
1990 1724 2299 1807 Baptista,
2358 1725 2474 1792 sed
2516 1743 2645 1791 non
2704 1725 2909 1790 miuus
2955 1722 3148 1789 rebus

786 1828 959 1910 -ipsis
1000 1827 1244 1908 regiam
1281 1829 1562 1893 vestram
1605 1826 1672 1892 in
1714 1844 1832 1893 nos
1875 1825 2371 1893 benivolentiam
2437 1827 2829 1909 agnovimus.
2923 1825 3152 1891 Omnia

796 1929 972 1996 enim
1016 1927 1337 1994 recensuit
1378 1928 1640 1993 nuntius
1687 1933 1928 2010 noster,
1995 1947 2120 2010 que
2184 1928 2249 1993 in
2290 1932 2582 1994 nostram
2624 1927 3151 2011 gratificationem

807 2031 1115 2097 Maiestas
1161 2035 1381 2096 vestra
1423 2030 1549 2096 sibi
1589 2031 1857 2096 contulit
1904 2029 2307 2110 conferrique
2368 2028 2520 2096 fecit
2582 2029 2649 2096 in
2700 2032 2999 2096 universa
3041 2048 3151 2095 ve-

803 2137 942 2198 stra
979 2130 1373 2214 amplissima
1409 2131 1650 2198 ditione
1698 2137 1764 2198 et
1807 2149 2008 2214 regno
2051 2135 2195 2197 tuta
2253 2131 2585 2198 commoda
2653 2138 2721 2198 et
2779 2131 3148 2206 honorifica,

812 2239 1097 2300 vestram
1166 2234 1424 2300 tandem
1493 2234 1732 2317 regiam
1813 2237 2089 2298 mentem
2169 2237 2236 2300 et
2308 2233 2785 2316 dispositionem
2858 2233 3153 2316 apperuit

806 2355 938 2403 non
981 2337 1370 2420 incognitam
1414 2337 1595 2403 nobis
1655 2335 1947 2417 antehac,
2014 2337 2131 2402 sed
2168 2336 2563 2419 plurifariam
2628 2336 3019 2403 declaratam
3052 2336 3154 2418 jo-

810 2439 1260 2504 cundissimam
1300 2444 1532 2517 tamen,
1580 2456 1748 2503 nova
1794 2438 2073 2504 eiusdem
2122 2439 2327 2504 nuntii
2368 2439 2571 2506 nostri
2613 2438 2943 2519 relatione,
2984 2438 3152 2504 unde

803 2543 892 2609 sit
935 2545 1010 2607 ut
1051 2543 1229 2625 regie
1274 2542 1602 2609 Maiestati
1647 2546 1856 2609 vestre
1924 2541 2375 2625 sempiternam
2443 2541 2713 2624 gratiam
2785 2540 3153 2608 habeamus,

799 2645 893 2712 Et
937 2646 993 2711 si
1037 2663 1110 2711 se
1151 2645 1514 2727 prestiterit
1559 2644 1830 2727 occasio,
1876 2649 1950 2709 ut
1996 2644 2187 2709 animi
2230 2644 2435 2710 nostri
2465 2643 2938 2727 gratitudinem,
2982 2662 3154 2710 amo·

804 2766 944 2813 rem
992 2752 1059 2813 et
1105 2747 1538 2814 observatiam
1581 2746 1913 2813 Maiestati
1956 2752 2171 2812 vestre
2212 2747 2611 2829 perspicuam
2681 2746 2895 2813 facere
2936 2747 3153 2828 aliquo

811 2857 1028 2917 vestro
1075 2851 1402 2917 commodo
1471 2855 1537 2916 et
1603 2850 1809 2932 gloria
1873 2850 2217 2931 valeamus,
2278 2850 2346 2915 id
2403 2849 2701 2917 faciemus
2760 2867 2890 2914 non
2948 2850 3154 2915 minus

807 2958 1108 3035 prompte
1151 2972 1341 3036 quam
1385 2953 1658 3019 libenter
1694 2958 1759 3018 et
1803 2953 2109 3019 studiose.
2198 2952 2469 3019 Causam
2516 2952 2831 3019 missionis
2874 2951 3153 3018 eiusdem

803 3056 1010 3122 nuntii
1055 3057 1262 3122 nostri
1305 3056 1390 3122 ad
1434 3056 1941 3139 suprascriptum
1988 3056 2451 3138 Imperatorem
2494 3055 2788 3137 superius
2828 3054 3155 3137 tetigimus

806 3177 1062 3240 >queque
1102 3165 1334 3241 postea
1376 3164 1595 3226 secuta
1635 3161 1784 3239 sint,
1829 3159 2138 3226 Maiestas
2181 3164 2399 3225 vestra
2441 3178 2521 3225 ex
2562 3159 2606 3224 J
2607 3157 2828 3224 oannis
2859 3156 3158 3239 Baptista

813 3262 1148 3344 cognovit:
1213 3261 1350 3328 Nos
1392 3267 1605 3329 autem
1673 3281 1754 3328 ne
1825 3262 2371 3345 opportunitatem
2440 3261 2835 3345 opprimendi
2876 3260 3157 3328 comunis

811 3362 1018 3429 hostis
1089 3365 1457 3431 amittamus
1531 3382 1977 3447 quamcunque
2048 3364 2325 3432 nancisci
2393 3383 2723 3447 possemus
2796 3368 2929 3429 tam
2994 3362 3155 3429 citra

812 3483 1002 3546 quam
1046 3467 1218 3533 ultra
1263 3485 1460 3547 mare,
1523 3466 1635 3533 ubi
1688 3467 2001 3532 movimus
2070 3472 2139 3533 et
2198 3485 2454 3533 movere
2518 3466 2725 3533 denuo
2788 3470 3154 3548 satagamus

807 3568 1316 3638 Illustrissimum
1364 3570 1687 3637 dominum
1743 3569 2064 3637 Ussonum
2131 3569 2497 3650 cassanum,
2558 3570 2643 3635 ad
2695 3569 3156 3650 Imperatorem

811 3670 1226 3737 Tartarorum
1271 3672 1600 3737 scribimus
1645 3672 2042 3739 declarantes
2082 3673 2419 3755 appulsum
2464 3672 2546 3738 ad
2586 3690 2703 3738 nos
2738 3672 3014 3737 oratoris
3054 3670 3155 3735 sui

813 3791 957 3837 cum
1002 3775 1351 3840 secretario
1417 3780 1641 3840 nostro
1705 3779 1772 3842 et
1833 3780 2347 3858 perseverantem
2412 3778 2697 3840 nostram
2760 3776 3034 3839 mentem
3088 3778 3155 3837 et

817 3874 1218 3958 desiderium,
1265 3881 1339 3942 ut
1398 3878 1563 3943 sicut
1629 3877 1928 3960 policitus
1998 3882 2097 3944 est
2140 3877 2487 3944 exercitum
2546 3894 2665 3958 per
2728 3893 2903 3942 oram
2959 3874 3153 3940 maris

809 3977 1043 4044 Euxini
1087 3979 1171 4044 ad
1199 3978 1564 4045 Danubium
1613 3979 1806 4045 ducat
1848 3980 2252 4063 trajiciatque
2294 3980 2357 4044 in
2404 3977 2709 4045 ditionem
2751 3977 2979 4044 hostis:
3028 3994 3155 4058 qua

809 4082 1144 4147 occasione
1188 4081 1244 4147 si
1291 4080 1446 4147 deus
1489 4082 1852 4164 prestiterit
1895 4085 2201 4162 poterunt
2262 4079 2546 4146 cristiani
2586 4100 2771 4163 reges
2813 4085 2879 4147 et
2920 4078 3154 4162 princi-

807 4202 926 4265 pes
973 4183 1477 4251 commodissime
1520 4184 1616 4250 uti
1659 4184 1742 4251 ad
1785 4184 2206 4267 depelendum
2248 4182 2559 4265 timorem,
2609 4183 2728 4250 sub
2767 4202 2893 4265 quo
2922 4182 3153 4249 soliciti

815 4304 897 4351 ex
941 4286 1230 4354 immanis
1292 4287 1529 4353 inimici
1593 4287 1772 4354 rabie
1840 4292 1907 4354 et
1973 4285 2263 4370 potentia
2324 4288 2560 4353 vivunt
2650 4286 2919 4369 Regiam
2959 4286 3155 4369 igitur

812 4389 1222 4457 Maiestatem
1267 4395 1549 4457 vestram
1597 4390 1782 4457 enixe
1847 4408 2169 4473 rogamuS,
2236 4388 2535 4473 dignetur
2577 4388 2849 4471 benigne
2890 4389 3154 4471 permit-

813 4484 968 4575 tere,
1041 4498 1114 4559 ut
1176 4494 1572 4577 tabellariuS,
1620 4495 1731 4576 qui
1800 4494 1959 4561 istas
2004 4493 2394 4561 Sublimitati
2458 4497 2665 4561 vestre
2724 4492 2952 4559 reddet
3012 4512 3156 4560 cum
