3793 5187
1792 611 1917 674 211

681 811 1078 894 longamente
1141 811 1250 892 qui
1303 829 1414 893 per
1457 812 1519 878 18
1561 832 1751 880 08888
1810 835 1924 898 per
1965 814 2029 881 18
2071 815 2256 898 (18818
2300 814 2364 879 18
2407 832 2517 881 era.
2553 816 2832 895 11188818,
2898 812 3035 880 nonv

680 934 715 980 e
759 917 868 997 piu
912 916 990 980 de
1033 933 1147 980 uso
1198 917 1277 982 de
1319 915 1383 981 18
1425 917 1600 998 regia
1640 917 1888 984 Maesta
1943 935 2055 1000 per
2095 918 2161 984 18
2202 917 2485 983 absentia
2536 919 2619 983 88
2664 917 3023 984 008818811-

681 1018 892 1100 nopoli
949 1017 1052 1084 del
1117 1023 1332 1086 nostro
1390 1019 1760 1101 SecretariO,
1833 1025 1899 1085 et
1957 1040 2071 1103 per
2127 1026 2307 1086 18810
2364 1020 2596 1086 havere
2654 1020 2918 1086 81818110
2957 1020 3025 1084 in

675 1121 841 1188 bona
911 1122 1118 1204 gratia
1186 1126 1626 1190 retornarsene
1694 1124 1798 1189 ala
1860 1124 2176 1205 presentia
2238 1124 2383 1190 8818
2448 1123 2695 1205 prefata
2757 1122 3022 1190 Maesta.

681 1224 1098 1307 Quantunque
1141 1243 1320 1292 come
1375 1226 1664 1293 habiamo
1702 1212 2021 1308 18881010,
2079 1228 2189 1292 881
2247 1226 2528 1292 ν8818180
2573 1226 2916 1292 volentiera
2956 1226 3023 1291 18

677 1348 946 1412 persona
987 1333 1226 1409 vostra,
1273 1333 1340 1396 et
1385 1334 1575 1412 grata
1618 1349 1698 1394 88
1741 1330 1836 1396 818
1878 1330 1943 1394 18
1982 1330 2217 1396 stantia
2246 1347 2361 1396 sua
2388 1330 2516 1412 qui,
2560 1329 3019 1396 nientedimeno

673 1438 944 1498 restemo
1010 1433 1288 1499 contenti
1346 1432 1425 1498 de
1483 1432 1628 1514 ogni
1668 1449 1784 1497 888
1825 1431 2291 1498 deliberatione.
2374 1431 2625 1498 Havera
2666 1433 2915 1514 donque
2959 1432 3023 1496 18

671 1540 892 1601 vostra
933 1534 1406 1618 Magnificencia
1449 1536 1796 1602 dechiarire
1838 1555 1879 1600 8
1926 1536 1989 1603 18
2031 1536 2203 1618 regia
2240 1533 2490 1601 Maesta
2530 1535 2595 1600 18
2618 1534 2928 1617 syncerita
2955 1539 3020 1600 et

673 1643 1042 1720 prompteza
1083 1637 1187 1706 del
1229 1639 1442 1704 animo
1489 1643 1704 1704 nostro
1750 1657 1890 1704 cum
1931 1639 2219 1704 renderla
2283 1637 2404 1704 ben
2448 1643 2624 1704 certa
2667 1642 2733 1703 et
2774 1636 3019 1703 indubi-

673 1744 812 1808 tata
861 1741 962 1805 del
1001 1759 1216 1806 amore
1258 1746 1325 1806 et
1371 1740 1702 1806 devotione
1746 1746 1967 1806 nostra
1995 1742 2061 1806 in
2089 1740 2173 1807 lei
2202 1741 2316 1806 che
2358 1741 2425 1806 18
2466 1759 2616 1806 vero
2657 1758 2781 1805 non
2806 1739 3019 1821 putria

673 1859 847 1908 esser
891 1843 1002 1925 piu
1049 1861 1325 1926 syncera,
1373 1841 1718 1909 affectuosa
1758 1862 1838 1909 ne
1881 1843 2171 1908 cordiale.
2255 1843 2501 1921 Quanto
2548 1847 2759 1909 881818
2804 1847 3019 1925 specta

670 1945 769 2011 ale
815 1964 988 2010 cosse
1051 1945 1110 2010 18
1170 1944 1355 2027 (18818
1424 1964 1566 2011 0818
1628 1947 1773 2028 ogni
1834 1945 2206 2013 confidentia
2249 1964 2319 2012 08
2360 1965 2513 2013 8080
2556 1952 2659 2012 sta
2700 1945 3019 2012 notificate

670 2067 782 2126 per
825 2049 888 2112 18
931 2053 1148 2113 vostra
1212 2047 1706 2131 Magnificencie„
1767 2049 1822 2113 si
1881 2066 2057 2114 come
2117 2049 2182 2114 le
2219 2048 2636 2116 manifestano
2680 2053 2747 2114 et
2786 2067 3014 2131 appro-

671 2151 834 2217 bano
873 2150 1059 2233 quale
1101 2150 1198 2215 sia
1240 2151 1304 2216 18
1345 2148 1484 2217 fede
1532 2158 1599 2216 et
1640 2151 1972 2217 devotione
2034 2169 2149 2218 sua
2214 2152 2281 2217 in
2346 2153 2455 2217 nui
2512 2152 2643 2217 cusi
2701 2151 2763 2218 18
2806 2169 3014 2218 accre-

668 2271 856 2319 80880
905 2254 1142 2318 1881810
1186 2259 1401 2319 nostro
1445 2253 1523 2318 88
1569 2255 1808 2320 8818118
1854 2255 1999 2338 ogni
2042 2256 2106 2320 di
2148 2255 2273 2337 piu.
2360 2253 2867 2334 Rengratiamola
2906 2273 3017 2336 per

671 2360 849 2422 18810
894 2361 960 2422 81
1003 2355 1457 2421 confortamola
1503 2356 1618 2421 che
1662 2357 1909 2438 (188880
1948 2357 2011 2422 18
2054 2375 2121 2423 88
2164 2357 2469 2423 ritrovera
2506 2358 2573 2422 in
2601 2356 2806 2439 quelle
2833 2363 3016 2439 parte

667 2477 795 2524 non
837 2458 884 2524 li
929 2459 1024 2525 818
1065 2477 1258 2541 grave
1297 2477 1700 2540 perseverare
1757 2461 1860 2526 nel
1917 2478 2033 2526 suo
2086 2461 2283 2543 degno
2337 2465 2615 2526 00818818
2658 2460 2726 2525 18
2766 2464 3014 2527 tenerce

667 2560 948 2629 advixati
984 2561 1062 2627 de
1103 2561 1163 2627 le
1207 2579 1381 2628 eosse
1445 2580 1848 2629 occorrerano
1901 2563 2086 2645 quale
2137 2563 2199 2627 la
2234 2563 2557 2646 judichera
2600 2580 2769 2628 esser
2814 2562 3013 2647 degne

663 2666 744 2732 de
788 2675 1006 2729 nostra
1071 2664 1304 2729 noticia
1363 2683 1518 2747 pero
1585 2666 1699 2731 che
1740 2666 1936 2732 molto
1978 2670 2160 2748 grato
2205 2668 2400 2732 818180
2442 2686 2555 2748 per
2600 2666 2825 2731 havere
2868 2667 3013 2749 ogni

663 2786 780 2834 880
824 2765 986 2832 fedel
1033 2768 1230 2832 avixo.
1332 2766 1421 2832 Et
1463 2785 1540 2832 ex
1582 2786 1747 2834 8880
1789 2768 1872 2833 811
1917 2772 2170 2852 captum
2210 2769 2380 2851 (1808
2422 2769 2620 2834 eidem
2663 2769 2901 2833 oratori
2943 2770 3011 2835 in

663 2873 783 2938 hoc
829 2886 942 2937 880
987 2870 1264 2936 discessu
1313 2871 1590 2936 donetur
1631 2870 1697 2935 18
1741 2870 1983 2953 signum
2042 2870 2273 2936 amoris
2334 2873 2577 2935 1881881
2622 2870 3011 2935 888188011181

663 2976 798 3041 8188
845 2972 1070 3040 coloris
1113 2972 1222 3055 qui
1271 2971 1596 3037 videbitur
1640 2970 1936 3055 Collegio,
1998 2977 2302 3055 (18881881
2354 2973 2439 3063 sit
2498 2990 2611 3055 pro
2646 2990 2774 3037 888
2814 2976 3007 3040 veste.

907 3076 1003 3141 De
1043 3080 1226 3158 parte
1353 3077 1495 3142 185.

907 3178 1004 3244 De
1046 3196 1172 3243 non
1432 3177 1494 3241 Ο.

906 3281 1052 3347 Νο8
1093 3279 1319 3346 sinceri
1436 3285 1487 3344 1.

965 3414 1229 3484 (Archivio
1266 3414 1324 3467 di
1363 3412 1516 3469 Stato
1550 3414 1604 3468 in
1653 3413 1906 3477 Venezia).

727 3499 1160 3557 Deliberazioni
1195 3499 1405 3555 Senato
1443 3499 1684 3567 Secreti,
1717 3516 1838 3569 reg.
1872 3498 1945 3555 33
1982 3516 2029 3554 0.
2062 3499 2135 3555 33
2174 3506 2213 3554 1.

1705 3841 1955 3920 XCV.

863 3996 1234 4062 Beatissimo
1278 3996 1355 4061 in
1396 3996 1628 4061 christo
1696 4003 1881 4078 pater
1924 4002 1989 4063 et
2035 3996 2301 4077 domine,
2358 3995 2608 4061 domine
2652 3996 2999 4061 clementis-

659 4100 834 4165 sime.
911 4099 1068 4164 Post
1112 4099 1724 4165 commendationom
1767 4098 2061 4165 debitam.
2129 4098 2203 4164 In
2246 4100 2435 4164 certis
2482 4099 2635 4163 meis
2678 4098 3000 4180 Regnique

655 4202 779 4267 mei
826 4201 1090 4284 negotiis
1120 4199 1564 4274 Venerabilem
1594 4201 1911 4265 Andream
1937 4201 2113 4268 Roza
2140 4203 2218 4268 de
2246 4200 2722 4281 Bornszewicze‚
2768 4200 2997 4282 Prepo-

656 4304 852 4369 situm
875 4302 1358 4383 Lanticiensem‚
1393 4301 1831 4369 Consiliarium
1862 4310 1929 4368 et
1950 4302 2321 4387 Supremum
2345 4304 2759 4370 Secretarium
2787 4320 2996 4367 meum

655 4405 908 4472 institui
957 4405 1517 4472 transmittendum
1565 4404 1646 4470 ad
1689 4404 2104 4473 Sanctitatem
2142 4406 2218 4473 V.
2316 4423 2319 4425 ’
2387 4407 2430 4472 (1
2495 4423 2756 4487 eamque
2810 4422 2997 4487 super
3064 4454 3074 4461 .

657 4506 782 4574 hiis
823 4526 946 4592 que
988 4506 1278 4591 Regnum
1335 4512 1530 4590 atque
1589 4512 1872 4573 88801818
1936 4506 2297 4576 Orthodoxa
2381 4508 2585 4576 'fidem
2628 4506 2996 4625 contingunt

2588 4625 2691 4681 15*
2854 4610 2870 4625 ⁶
