3793 5187
706 865 906 1164 L
971 967 1014 1059 Z
1073 945 1426 1060 CZASOW
1483 945 1981 1057 KAZMIERZA
2035 945 2808 1058 JAGIELLONGZYKA.
2950 861 3048 1158 Β

1735 1965 2035 2042 LXIII.

1370 2121 1784 2190 mcccctxm.
1831 2123 1931 2190 die
1974 2122 2133 2190 xvn.
2178 2121 2389 2188 martii.

1253 2291 1670 2358 serenissimo
1724 2291 1977 2356 domino
2024 2289 2186 2373 Regi
2228 2290 2507 2355 Polonie.

917 2409 1276 2492 Regressus
1335 2429 1412 2477 ex
1481 2409 1694 2476 Gallia
1748 2409 2127 2492 Spectabilis
2174 2427 2367 2490 eques
2414 2407 2703 2474 dominus
2747 2406 3061 2472 Antonius

721 2511 804 2576 de
848 2511 1288 2595 Grationopoli
1334 2511 1693 2578 Maiestatis
1763 2517 1976 2578 vestre
2036 2511 2284 2595 legatus
2352 2510 2601 2576 litteras
2668 2508 3059 2576 serenissimi

721 2614 957 2680 domini
1008 2615 1204 2698 Regis
1251 2615 1686 2681 Franchorum
1743 2614 1925 2681 nobis
1958 2614 2204 2694 detulit,
2249 2614 2479 2695 quibus
2505 2612 2928 2678 intelleximus
2957 2629 3061 2675 ar-

717 2716 1154 2783 dentissimum
1199 2722 1266 2783 et
1303 2717 1896 2783 christianissimum
1947 2718 2083 2783 eius
2129 2716 2513 2782 desiderium
2572 2732 2701 2779 una
2754 2732 2895 2779 cum
2938 2714 3061 2779 Re·

720 2819 826 2901 gia
897 2818 1260 2886 Serenitate
1324 2821 1562 2887 Vestra
1627 2840 1704 2886 ae
1772 2821 2203 2887 serenissimis
2267 2819 2545 2902 Regibus
2611 2818 2937 2899 Hungarie
2996 2823 3061 2883 et

713 2920 1022 2987 Bohemie
1066 2923 1188 2988 duc
1207 2941 1370 3004 eque
1405 2923 1681 2989 Bavarie
1721 2923 2114 3006 procedendi
2158 2922 2446 2988 terrestri
2492 2938 2681 2986 manu
2720 2920 2805 2985 ad
2850 2924 3061 2985 exter·-

726 3023 988 3089 minium
1055 3025 1372 3092 sevissimi
1443 3026 1646 3091 crucis
1713 3025 1935 3091 hostis.
2025 3026 2223 3103 Quam
2267 3042 2401 3090 rem
2424 3021 2729 3106 profecto
2778 3023 3061 3105 gratissi-

729 3145 898 3192 mam
943 3146 1020 3193 ac
1049 3128 1564 3195 iocundissimam
1610 3128 1782 3211 ultra
1829 3145 2017 3209 quam
2071 3144 2399 3209 possemus
2440 3124 2795 3209 exprimere
2839 3124 3061 3190 habui-

720 3248 878 3295 mus.
975 3230 1224 3313 Quippe
1271 3231 1378 3311 qui
1419 3250 1536 3313 pro
1581 3231 1786 3313 gloria
1856 3230 2095 3295 Summi
2161 3230 2485 3295 Creatoris
2550 3230 2757 3294 nostri
2818 3246 3063 3310 proque

727 3332 972 3397 honore
1035 3333 1376 3399 christiane
1424 3332 1772 3417 Religionis
1820 3332 1977 3399 nihil
2020 3334 2223 3415 magis
2269 3334 2551 3414 cupimus
2608 3330 2889 3412 nihilque
2930 3348 3062 3395 ma·

727 3434 824 3517 gis
874 3436 1301 3501 necessarium
1335 3454 1472 3503 esse
1502 3436 1959 3518 cognoscimuS‚
2009 3454 2199 3517 quam
2234 3435 2401 3499 hunc
2428 3433 2891 3501 atrocissimum
2920 3452 3063 3515 per-

731 3540 1084 3603 secutorem
1127 3538 1396 3603 nominis
1435 3537 1762 3605 christiani
1805 3538 2167 3621 propulsari
2210 3556 2419 3620 posse.
2503 3536 2638 3602 Nos
2683 3553 2831 3601 vero
2877 3535 3063 3601 Sere·

734 3639 998 3705 nissime
1035 3641 1330 3722 princeps
1375 3642 1686 3707 maiorum
1741 3646 2103 3706 nostrorum
2150 3641 2424 3721 vestigia
2478 3638 2715 3705 imitari
2756 3638 3063 3719 volentem

726 3740 896 3807 sicut
957 3742 1302 3809 novissime
1370 3743 1737 3825 scripsimus
1803 3743 2321 3809 christianissimo
2388 3740 2817 3808 Franchorum
2880 3740 3061 3821 Regi,

727 3844 822 3909 ita
868 3848 936 3909 et
979 3843 1078 3909 his
1122 3844 1356 3910 nostris
1400 3842 1728 3911 Maiestati
1773 3845 1846 3910 V.
1898 3844 2255 3927 significare
2317 3844 2732 3910 instituimus:
2796 3860 2911 3909 nos
2972 3842 3066 3907 in·

735 3963 924 4026 quam
967 3951 1230 4027 paratos
1273 3964 1349 4012 ac
1394 3954 1726 4029 promptos
1777 3964 1917 4013 esse
1963 3947 2287 4028 dispositis
2326 3947 2517 4012 rebus
2557 3944 3065 4025 exercitibusque

726 4047 1144 4114 terrestribus
1185 4066 1304 4130 per
1345 4048 1774 4116 Serenitatem
1819 4054 2102 4115 vestram
2145 4067 2387 4132 perque
2442 4048 2605 4114 alios
2648 4047 3065 4113 Excellentis-

735 4149 926 4216 simos
972 4151 1291 4233 principes
1334 4155 1656 4219 anteactos
1724 4156 1949 4217 contra
1992 4149 2301 4233 perfidum
2343 4151 2591 4218 hostem
2640 4170 2781 4217 cum
2819 4149 3066 4231 potenti

690 4251 930 4318 -elasse
983 4258 1208 4318 nostra
1271 4254 1426 4318 nihil
1491 4254 1742 4321 omnino
1815 4254 2189 4334 ommittere,
2257 4254 2424 4335 quod
2468 4255 2534 4318 in
2573 4254 2707 4319 eius
2752 4250 3065 4317 excidium

725 4352 874 4419 fieri
917 4356 1143 4436 possit.
1216 4355 1639 4433 Quamobrem
1668 4356 2076 4423 vehementer
2105 4356 2437 4421 hortamur
2466 4374 2541 4421 ac
2570 4354 2884 4438 precibuS,
2930 4353 3067 4434 qui-

725 4456 844 4523 bus
889 4476 1244 4539 possumus,
1290 4456 1694 4525 Maiestatem
1723 4459 2021 4524 Vestram
2052 4476 2133 4523 ex
2162 4458 2355 4524 corde
2384 4476 2681 4541 rogamus
2710 4460 2783 4523 ut
2812 4455 3069 4523 festinet

689 4559 1034 4643 ..perficere
1103 4560 1457 4643 piissimum
1507 4580 1670 4644 opus
1717 4562 2056 4643 inceptum,
2103 4566 2177 4627 ut
2216 4562 2345 4627 iam
2386 4560 2643 4627 tandem
2687 4564 2907 4626 sancta
2953 4558 3067 4625 hec

2340 4688 2347 4695 ’
2698 4680 2763 4734 11
