3793 5187
1770 521 1853 588 65

1672 807 1982 884 XXIX.

1307 944 1727 1014 mccccxtlll.
1770 945 1867 1012 die
1911 946 2040 1012 vm.
2087 945 2346 1030 Augusti.

938 1111 1491 1178 Reverendissimo
1538 1111 1790 1178 domino
1834 1111 2156 1178 Cardinali
2197 1111 2416 1178 Sancti
2451 1113 2695 1195 Angeli.

858 1228 1139 1295 Litteras
1206 1229 1498 1296 Reveren
1506 1230 1761 1296 dissime
1831 1231 2235 1313 paternitatis
2295 1231 2527 1296 Vestre
2592 1230 2968 1312 accepimus.

648 1327 743 1393 XI
770 1329 921 1412 Julij
956 1330 1139 1397 datas
1172 1349 1311 1398 cum
1336 1331 1747 1415 nonnullisssin
1777 1332 1871 1398 eis
1901 1332 2156 1398 inclusis
2188 1332 2402 1414 copiis.
2464 1331 2551 1396 Et
2587 1331 2732 1412 ipsi,
2775 1330 2984 1396 Reve-

652 1429 1025 1498 rendissime
1080 1432 1452 1514 paternitati
1496 1433 1973 1515 respondemuS,
2029 1434 2200 1514 quod
2245 1450 2372 1498 non
2421 1450 2562 1498 cum
2603 1431 2832 1496 minori
2876 1449 2981 1496 su-

651 1549 809 1612 muS,
856 1532 993 1598 viso
1038 1552 1249 1599 rerum
1292 1551 1608 1613 successu,
1652 1534 1843 1599 animi
1886 1533 2199 1617 passione,
2245 1550 2436 1614 quam
2464 1533 2551 1598 sit
2577 1534 2720 1614 ipsa
2746 1531 2983 1598 Vestra

648 1631 1176 1700 Reverendissma
1216 1634 1594 1714 PaternitaS‚
1642 1635 1745 1700 cui
1784 1640 1857 1701 ut
1903 1635 2113 1700 omnia
2147 1645 2302 1700 nota
2339 1635 2485 1713 sint,
2532 1632 2978 1716 significamus,

650 1732 821 1815 quod
860 1753 981 1800 nos
1026 1741 1329 1817 quantum
1372 1736 1438 1801 in
1480 1735 1663 1802 nobis
1708 1736 2058 1818 spectabat,
2105 1753 2353 1800 eramus
2397 1738 2464 1800 et
2507 1751 2722 1800 sumus
2763 1735 2829 1799 in
2874 1752 2977 1800 or-

648 1834 811 1914 dine,
852 1854 1321 1919 expensamque
1364 1838 1491 1903 iam
1532 1837 1793 1906 fecimus
1835 1839 2278 1917 necessariam,
2323 1841 2398 1902 ut
2436 1835 2608 1917 quod
2636 1836 2977 1902 obtulimus

648 1936 727 2002 de
773 1938 995 2020 galeis,
1036 1937 1505 2021 perficeremus,
1566 1957 1683 2006 nec
1726 1939 1919 2020 aliud,
1966 1957 2156 2021 quam
2200 1937 2371 2020 quod
2416 1936 2710 2003 Summus
2751 1937 2973 2003 Ponti-

642 2037 767 2119 fex,
812 2043 885 2105 ut
915 2039 1181 2122 dixerat,
1228 2041 1523 2108 denarios
1552 2059 1671 2124 pro
1702 2059 1920 2107 earum
1945 2045 2333 2107 armamento
2361 2040 2650 2105 mitteret
2677 2043 2972 2121 expecta-

640 2139 847 2206 batur.
920 2139 1051 2207 Sed
1093 2141 1433 2209 Sanctitati
1476 2161 1591 2208 sue
1637 2143 1828 2208 aliam
1876 2160 2001 2207 non
2044 2140 2228 2207 libuit
2282 2139 2494 2206 facere
2546 2141 2974 2222 provisionem

644 2259 835 2323 quam
879 2243 1185 2309 decimam
1226 2244 1548 2326 imponere
1594 2243 1814 2323 Oleris,
1859 2243 2226 2308 Florentino
2271 2247 2339 2308 et
2381 2241 2820 2308 Jurisdicionis
2859 2261 2972 2308 no-

640 2347 789 2409 stre.
858 2343 1035 2408 Alias
1078 2363 1231 2410 vero
1279 2345 1413 2410 eius
1456 2346 1758 2427 pecunias
1800 2343 1867 2409 in
1913 2343 2036 2408 alio
2071 2343 2400 2408 convertit.
2462 2343 2730 2409 Decima
2759 2349 2970 2408 autem

640 2444 1071 2526 predictorum
1118 2446 1429 2512 clerorum
1470 2446 1791 2511 minimum
1836 2445 1990 2525 quid
2035 2449 2133 2510 est
2175 2450 2240 2510 et
2277 2449 2539 2526 propter
2581 2443 2784 2509 malas
2812 2447 2970 2508 tem-

639 2545 815 2629 poris
862 2546 1257 2614 conditiones
1300 2566 1425 2615 non
1467 2547 1589 2614 nisi
1631 2547 1696 2612 in
1732 2545 1932 2612 multo
1962 2545 2268 2629 temporis
2297 2545 2504 2629 spatio
2537 2545 2704 2627 exigi
2729 2548 2966 2627 posset.

635 2648 1221 2715 Reverendissimus
1266 2650 1519 2731 quidem
1568 2649 1855 2715 dominus
1887 2648 2242 2715 cardinalis
2271 2646 2841 2713 vicecancellarius
2874 2647 2966 2713 le-

636 2755 823 2833 gatus
867 2752 1268 2833 dessignatus
1308 2751 1394 2816 ad
1438 2751 1673 2816 dictam
1720 2756 2048 2830 armatam,
2092 2750 2297 2815 nullas
2341 2766 2556 2814 secum
2598 2747 2811 2813 ferens
2853 2765 2966 2829 pe-

636 2852 871 2931 cuniaS,
929 2852 1051 2918 huc
1100 2853 1275 2921 venit
1316 2851 1592 2919 secundo
1641 2853 1954 2919 instantis.
2047 2852 2258 2929 Quare
2301 2853 2570 2929 attento,
2615 2847 2788 2929 quod
2831 2848 2968 2914 sine

634 2953 920 3037 pecuniis
968 2952 1087 3019 hec
1132 2953 1491 3020 nullatenus
1549 2951 1691 3019 fieri
1732 2958 2020 3036 possunt,
2079 2970 2154 3017 ac
2209 2951 2479 3033 qualiter
2539 2949 2823 3032 elapsum
2868 2953 2968 3015 est

634 3058 903 3135 tempus,
969 3074 1111 3121 cum
1164 3056 1230 3121 in
1286 3074 1505 3121 mense
1562 3054 1755 3120 simus
1810 3054 2096 3136 Augusti,
2165 3070 2287 3135 quo
2336 3055 2585 3117 armata
2628 3050 2694 3114 in
2737 3048 2966 3115 strictu

633 3157 977 3223 constituta
1022 3174 1163 3223 esse
1206 3156 1421 3235 vellet,
1486 3157 1539 3223 si
1582 3156 1823 3222 fructus
1868 3157 2168 3236 consequi
2212 3174 2290 3219 ex
2335 3172 2414 3218 ea
2450 3151 2728 3218 deberet.
2820 3150 2966 3216 Non

632 3258 917 3325 videmus
962 3259 1044 3325 de
1088 3278 1167 3325 ea
1208 3263 1457 3325 armata
1502 3276 1680 3341 spem
1745 3257 1881 3323 fore
1937 3256 2312 3335 habendam,
2378 3255 2460 3319 de
2517 3270 2643 3333 quo
2710 3251 2963 3332 quidem

633 3360 935 3438 dolemus,
1000 3365 1067 3426 et
1122 3360 1355 3425 iterum
1400 3359 1705 3439 dolemuS,
1773 3376 1914 3424 cum
1957 3357 2380 3439 intelligamus
2423 3351 2964 3420 inconvenientias

632 3467 696 3529 et
723 3463 1021 3545 pericula,
1069 3462 1412 3528 christiano
1454 3460 1691 3544 populo
1736 3460 2168 3526 subsecutura.
2240 3457 2452 3521 Unum
2481 3471 2635 3520 vero
2664 3470 2782 3518 nos
2813 3470 2962 3517 con-

630 3566 797 3631 solat
834 3583 954 3647 pro
997 3564 1180 3631 nobis
1218 3582 1345 3629 non
1390 3562 1694 3629 defecisse
1722 3580 1841 3627 nec
1872 3559 2163 3638 deficere,
2211 3562 2277 3623 et
2316 3558 2456 3623 Deo
2491 3560 2558 3621 et
2583 3552 2816 3620 mundo
2846 3571 2962 3619 nos

629 3683 1019 3733 excusamus.
1091 3664 1204 3749 [Et
1233 3664 1486 3745 quidem
1514 3664 1569 3729 si
1602 3662 1683 3728 ab
1712 3664 1851 3744 ipso
1898 3660 2208 3743 principio
2254 3657 2780 3724 intellexissemus
2823 3672 2961 3719 rem

628 3769 719 3835 sic
761 3785 1214 3846 successuram,
1264 3770 1329 3832 et
1356 3766 1707 3831 Romanum
1738 3763 2102 3845 pontificem
2131 3780 2258 3827 non
2287 3758 2710 3842 provisurum,
2751 3757 2961 3823 conati

626 3869 961 3937 fuissemus
1005 3872 1313 3949 quantum
1352 3866 1535 3933 nobis
1578 3865 1881 3948 possibile
1921 3864 2149 3929 fuisset
2188 3860 2545 3944 providere.
2613 3857 2745 3923 Sed
2773 3856 2959 3939 polli-

627 3971 771 4038 citis
813 3989 929 4037 sue
972 3968 1347 4035 Sanctitatis
1390 3972 1464 4033 ut
1506 3964 1976 4033 rationabiliter
2019 3962 2402 4029 debebamus
2434 3958 2625 4024 fidem
2661 3956 2958 4023 adhiben-

626 4078 745 4153 teS,
805 4090 933 4139 non
992 4071 1115 4137 nisi
1174 4070 1259 4135 ad
1302 4088 1379 4135 ea
1438 4086 1561 4149 que
1618 4068 2070 4144 obtuleramus,
2131 4062 2531 4129 attendimus.
2621 4057 2749 4124 Sed
2795 4075 2959 4122 nunc

626 4175 753 4241 iam
798 4180 1047 4256 tempus
1080 4171 1242 4238 adeo
1271 4171 1583 4253 dilapsum
1628 4174 1744 4249 est,
1790 4175 1865 4235 ut
1907 4168 2262 4233 nullatenus
2305 4162 2610 4246 possibile
2639 4159 2742 4239 sit,
2788 4157 2961 4239 quod

622 4282 985 4359 optaremus
1026 4274 1389 4357 adimplere.
1458 4272 1693 4360 Sicque
1748 4288 1910 4337 unus
1975 4270 2242 4350 quisque
2301 4270 2525 4347 aperte
2575 4276 2958 4343 cognoscere

624 4378 816 4449 debet
858 4376 1341 4444 sincerissimam
1385 4379 1659 4442 mentem
1704 4377 1771 4438 et
1808 4370 2221 4443 intentionem
2250 4370 2554 4445 nostram,
2602 4368 2668 4429 et
2695 4380 2810 4433 nos
2836 4358 2951 4433 ha-
