3793 5187
1947 429 2069 498 110

839 635 1108 703 victoria
1153 635 1654 715 christianorum,
1700 638 1866 702 sicut
1908 637 2275 716 scripsimus
2321 633 2879 701 Reverendissimo
2926 634 3181 702 domino

843 739 1167 805 Cardinali
1211 739 1726 804 vicecancellario
1771 739 1983 822 legato
2024 757 2217 821 super
2246 738 2447 803 classe
2477 737 2605 817 illa,
2652 738 2745 804 ita
2774 738 2955 803 vobis
2986 740 3179 804 etiam

837 843 1249 922 declaramus,
1317 841 1490 922 quod
1550 847 1890 923 postquam
1936 840 2370 923 applicueritis
2424 841 2490 905 in
2534 841 2823 906 strictum
2869 841 3180 923 Galipolis

837 944 1061 1011 habita
1099 949 1458 1028 opportuna
1495 944 1832 1010 collatione
1902 963 2041 1010 cum
2104 944 2245 1024 ipso
2308 942 2866 1009 Reverendissimo
2928 944 3181 1009 domino

840 1047 1179 1114 Cardinale
1222 1048 1454 1128 legat0,
1507 1046 1760 1112 videtur
1803 1046 1986 1112 nobis
2024 1052 2090 1110 et
2132 1045 2463 1111 laudamus
2522 1046 2693 1126 quod
2738 1065 2879 1111 cum
2921 1047 3032 1112 illo
3076 1066 3181 1112 or-

840 1152 986 1218 dine
1031 1151 1140 1232 qui
1181 1151 1408 1216 melior
1453 1155 1518 1214 et
1560 1148 1779 1214 utilior
1823 1149 2211 1214 iudicabitur
2252 1151 2590 1213 mittantur
2634 1153 2781 1215 octo
2816 1149 2917 1214 vel
2963 1149 3181 1231 plures

840 1275 918 1320 cx
962 1254 1160 1338 galeis
1207 1252 1376 1317 illius
1437 1253 1751 1318 maritime
1819 1253 2043 1318 classis
2094 1271 2211 1334 per
2256 1252 2619 1318 Danubium
2661 1271 2866 1334 usque
2902 1253 3179 1336 Nicopo-

837 1359 966 1437 lim,
1026 1375 1142 1422 seu
1184 1374 1311 1437 quo
1355 1373 1514 1437 opus
1561 1356 1703 1434 erit,
1771 1355 1853 1420 ad
1909 1373 2154 1419 omnem
2203 1353 2485 1420 favorem
2528 1356 2895 1437 possibilem
2938 1357 3180 1438 impen-

839 1461 1116 1526 dendum
1139 1465 1214 1524 ut
1237 1458 1555 1523 exercitus
1579 1457 2068 1522 christianorum
2098 1458 2371 1522 transire
2400 1459 2622 1539 possit.
2654 1458 2742 1523 Et
2771 1458 2891 1525 hoc
2917 1459 3181 1526 dicimus

836 1565 903 1629 in
939 1568 1243 1645 quantum
1283 1560 1874 1626 Reverendissimus
1907 1560 2196 1626 dominus
2226 1559 2579 1626 cardinalis
2624 1561 3179 1628 vicecancellarius

836 1667 1088 1749 legatus
1128 1683 1244 1730 seu
1287 1682 1402 1728 vos
1461 1670 1574 1730 aut
1634 1663 1932 1729 ductores
1980 1662 2305 1745 galearum
2353 1663 2421 1728 in
2462 1663 2827 1729 Danubium
2867 1664 3181 1730 iturarum

838 1786 879 1834 a
925 1766 1476 1834 Reverendissimo
1521 1766 1774 1830 domino
1821 1765 2144 1830 Cardinali
2189 1764 2407 1831 Sancti
2450 1764 2677 1848 Angeli
2723 1767 2957 1850 legato,
3008 1768 3181 1833 aliud

835 1873 902 1937 in
948 1870 1266 1937 contrario
1307 1887 1434 1934 non
1481 1867 1808 1933 haberent.
1889 1867 2153 1948 Copiam
2198 1872 2413 1932 autem
2455 1870 2883 1950 responsionis
2913 1888 3031 1952 per
3062 1889 3179 1936 nos

834 1973 1001 2039 facte
1046 1971 1598 2037 Reverendissimo
1675 1970 1929 2035 domino
1994 1969 2331 2035 Cardinale
2386 1969 2600 2036 Sancti
2648 1973 2895 2054 Angeli,
2948 1992 3025 2038 ac
3072 1991 3180 2038 co-

835 2077 1006 2158 piam
1053 2093 1290 2152 eorum,
1357 2091 1480 2155 que
1539 2072 1870 2139 scribimus
1938 2071 2493 2138 Reverentlissimo
2556 2073 2809 2139 domino
2859 2075 3180 2141 cardinali

835 2177 1355 2244 vicecancellario
1396 2178 1462 2242 in
1504 2176 1774 2242 materia
1827 2175 2265 2258 suprascripta
2322 2177 2628 2242 mittimus
2684 2177 2866 2244 vobis
2926 2179 3006 2244 ad
3064 2179 3178 2243 ad-

836 2281 1256 2348 visamentum
1300 2280 1702 2362 presentibus
1756 2278 2153 2344 interclusas,

1138 2417 1236 2482 De
1277 2422 1461 2499 parte
1566 2418 1706 2482 109.

1137 2520 1240 2585 De
1283 2539 1409 2585 non
1645 2521 1706 2584 2.

1138 2624 1284 2689 Non
1328 2624 1556 2689 sinceri
1650 2625 1707 2688 1.

1082 2759 1347 2831 (Arcleivio
1381 2758 1441 2813 da·
1479 2758 1634 2813 Stato
1679 2759 1919 2819 Venetia.

947 2845 1168 2902 Senato
1207 2845 1450 2915 Socrati,
1489 2863 1614 2917 reg.
1651 2846 1719 2901 16
1754 2864 1800 2901 e.
1838 2846 1942 2901 103
1974 2848 2043 2915 t.)

1747 3014 1824 3029 w

1933 3152 2066 3228 LI.

1551 3288 1985 3359 ”ccccxl-llll.
2023 3291 2119 3359 die
2163 3291 2269 3359 ΙΙΙΙ.
2313 3291 2453 3359 iulii.

1222 3474 1487 3542 Iohanni
1529 3476 1609 3543 de
1651 3477 2081 3561 Reguardatis
2119 3480 2466 3546 secretario
2510 3484 2751 3547 nostro.

1035 3608 1372 3678 Iohannes.
1431 3612 1649 3679 Litere
1690 3631 1848 3694 quas
1893 3632 1935 3678 a
1971 3617 2037 3679 te
2078 3616 2435 3697 accepimus
2468 3617 2689 3683 ultime
2727 3636 2995 3699 quarum
3026 3623 3175 3685 sunt

833 3710 958 3778 diei
1005 3712 1126 3779 XV
1168 3715 1402 3779 mensis
1448 3713 1612 3779 Iunii
1656 3715 2021 3797 plenissime
2064 3716 2199 3783 'nos
2266 3718 2688 3784 informarunt
2740 3721 2819 3785 de
2866 3722 3175 3787 successi-

830 3812 950 3880 bus
980 3832 1196 3881 rerum
1237 3818 1660 3897 spectantium
1705 3817 1786 3881 ad
1825 3820 2343 3901 preparationem
2372 3820 2541 3887 illius
2570 3822 2771 3889 felicis
2803 3822 3176 3889 christiano-

829 3937 972 3983 rum
1017 3920 1354 3998 exercitus‚
1402 3924 1467 3984 et
1514 3920 1594 3984 de
1640 3919 1780 3985 aliis
1825 3920 1890 3984 in
1938 3922 2029 3986 eis
2075 3921 2414 4005 descriptis
2460 3943 2583 4006 que
2614 3924 2796 3991 nobis
2834 3925 3175 4007 plurimum

829 4020 1228 4102 placuerunt,
1289 4026 1354 4088 et
1397 4026 1464 4087 te
1505 4021 1746 4088 faciunt
1789 4024 1960 4106 apud
2005 4043 2120 4089 nos
2164 4027 2593 4092 recomissum.
2680 4026 2769 4091 Et
2812 4029 2965 4108 quia
3006 4028 3175 4094 inter

829 4128 1046 4189 cetera
1091 4124 1249 4190 dicis
1297 4125 1592 4205 sensisse,
1663 4131 1985 4191 oratorem
2032 4126 2433 4193 serenissimi
2491 4128 2725 4194 domini
2770 4130 2964 4211 Regis
3008 4131 3171 4195 Ara-

829 4244 1062 4308 gonum
1131 4234 1540 4293 excusantem
1608 4228 1927 4294 dominum
1988 4248 2169 4295 suum
2235 4232 2298 4296 in
2363 4250 2480 4297 nos
2535 4231 2783 4314 culpam
2834 4232 3173 4298 devolvere

827 4334 1124 4396 conatum
1165 4329 1380 4411 fuisse,
1445 4332 1500 4397 si
1545 4331 1761 4414 galeas
1806 4333 1870 4398 in
1907 4332 2191 4399 favorem
2234 4334 2403 4401 illius
2470 4336 2767 4417 impresie
2809 4353 2936 4401 non
3002 4336 3175 4402 misit
