3793 5187
1788 543 1873 606 69

1651 794 2022 872 ΧΧΧΠ.Σ

1070 915 1481 984 ”ccccxl-¹¹¹.
1524 916 1619 982 die
1664 918 1726 982 ΙΙ.
1772 914 2068 983 Februarii
2113 917 2304 990 (more
2339 912 2597 988 veneto).

1257 1065 1486 1132 Comiti
1532 1066 1781 1132 Franco
1827 1064 2129 1132 Taulouiz
2161 1064 2305 1148 (sic)
2317 1063 2401 1146 ⁸³).

866 1182 1024 1249 Cum
1081 1182 1166 1248 ad
1230 1189 1515 1250 nostram
1578 1185 1871 1267 pervenit
1932 1182 2228 1249 noticiam
2287 1179 2821 1263 Magnificentiam
2864 1180 2991 1246 Ve-

665 1289 864 1349 stram
900 1283 985 1348 ad
1022 1289 1241 1366 partes
1284 1286 1601 1353 Dalmatie
1647 1304 1788 1353 cum
1850 1284 2050 1368 galeis
2091 1284 2326 1349 nostris
2373 1281 2545 1347 Tane
2591 1281 2992 1363 applicuisse,

666 1384 1049 1467 singularem
1094 1387 1175 1453 ob
1216 1388 1479 1454 multam
1522 1391 1805 1453 nostram
1850 1403 2004 1468 erga
2031 1385 2236 1468 ipsam
2264 1384 2560 1450 Vestram
2587 1381 2994 1464 Magnificen-

668 1486 823 1550 tiam
865 1484 1258 1554 affectionem
1284 1493 1351 1555 et
1377 1505 1655 1555 amorem
1684 1486 2018 1552 habuimus
2064 1491 2130 1551 et
2171 1486 2481 1551 sensimus
2515 1484 2804 1564 letitiam,
2853 1503 2993 1550 cum

670 1604 811 1652 eam
852 1587 1151 1655 Vestram
1190 1589 1727 1672 Magnificentiam
1769 1593 1835 1653 et
1868 1584 2243 1670 Magnificos
2302 1585 2538 1652 fratres
2584 1590 2830 1651 vestros
2878 1585 2991 1650 ha-

660 1687 923 1755 beamus
986 1691 1053 1756 in
1117 1691 1389 1773 optimos
1451 1690 1781 1757 benivolos
1828 1693 1893 1754 et
1937 1688 2190 1767 amicos,
2253 1705 2594 1768 secumque
2660 1692 2880 1752 tenere
2926 1691 2994 1752 et

664 1807 1042 1857 conservare
1098 1793 1495 1859 intendamus
1560 1791 1862 1874 optimam
1927 1789 2416 1856 benivolentiam
2460 1792 2526 1853 et
2566 1788 2989 1870 vicinantiam.

661 1887 791 1954 Sed
830 1891 1127 1972 quoniam
1165 1894 1473 1958 sensimus
1516 1890 2052 1973 Magnificentiam
2079 1889 2376 1955 Vestram
2415 1907 2542 1955 non
2585 1893 2832 1972 gratam
2875 1888 2989 1953 ha-

660 1990 873 2058 buisse
920 1992 1450 2059 intromissionem
1515 2010 1704 2074 quam
1762 1991 1914 2058 fecit
1956 2009 2163 2056 comes
2208 1995 2425 2057 noster
2467 1989 2708 2072 Spaleti
2755 1989 2833 2056 de
2877 2009 2993 2074 po-

658 2093 781 2160 liza
824 2098 891 2160 et
938 2093 1254 2175 dalmissa,
1296 2093 1413 2160 has
1458 2099 1711 2160 nostras
1755 2095 1813 2160 ei
1857 2092 2136 2160 scribere
2185 2093 2570 2158 instituimus
2615 2096 2681 2158 et
2725 2093 2989 2159 dicimus

661 2195 832 2276 quod
874 2196 931 2261 si
972 2214 1077 2262 res
1120 2196 1283 2262 bene
1329 2196 1851 2275 considerabitur,
1916 2195 2274 2261 nullatenus
2344 2196 2604 2261 credere
2651 2213 2987 2277 possumus

658 2295 819 2362 hauc
863 2297 1398 2364 intromissionem
1445 2297 1717 2381 cuipiam
1765 2315 1907 2364 esse
1947 2297 2299 2377 molestam,
2345 2297 2434 2362 Et
2462 2296 2824 2379 specialiter
2854 2296 2989 2362 ani-

657 2397 1181 2463 madvertendum
1212 2404 1329 2478 est,
1360 2399 1677 2464 notorium
1705 2417 1867 2479 esse,
1906 2418 2021 2465 nos
2051 2400 2178 2464 iam
2204 2397 2492 2481 pluribus
2523 2399 2703 2464 annis
2735 2397 2989 2479 elapsiS‚

658 2499 723 2564 in
766 2503 991 2581 aperto
1038 2498 1231 2566 fuisse
1272 2501 1442 2568 bello
1488 2519 1629 2568 cum
1674 2502 1904 2568 comite
1943 2500 2221 2581 Stefano‚
2274 2501 2382 2580 qui
2407 2501 2554 2566 loca
2577 2499 2868 2582 predicta
2895 2503 2990 2565 te-

658 2600 871 2681 nebat,
921 2607 987 2668 et
1031 2620 1171 2669 cum
1212 2604 1416 2685 primo
1462 2608 1683 2669 contra
1726 2604 1861 2670 Nos
1909 2608 1974 2669 et
2016 2602 2374 2670 successive
2411 2621 2527 2668 nos
2573 2607 2796 2668 contra
2825 2618 2987 2681 eum,

656 2701 905 2768 hostem
948 2722 1235 2787 parasse,
1281 2710 1347 2770 et
1385 2724 1578 2770 unum
1620 2705 1895 2770 alterum
1940 2704 2373 2772 damnificare:
2416 2703 2685 2783 locaque
2729 2720 2846 2767 sua
2885 2720 2989 2767 ac-

658 2804 865 2887 cipere
907 2822 1301 2886 procurasse.
1368 2804 1438 2870 Si
1486 2823 1639 2887 ergo
1682 2805 1922 2871 Rector
1963 2809 2184 2871 noster
2227 2803 2470 2887 Spaleti
2513 2802 2874 2869 dalmissam
2919 2807 2987 2868 et

655 2904 927 2987 polizam
972 2905 1088 2972 sub
1132 2912 1355 2973 nostra
1394 2908 1753 2989 acceptavit
1782 2906 2160 2986 obedientia,
2209 2906 2521 2973 credimus
2570 2903 2648 2969 de
2693 2904 2831 2969 iure
2876 2921 2985 2968 ne-

657 3007 891 3074 minem
933 3025 1004 3073 se
1039 3025 1231 3089 posse
1275 3008 1549 3089 gravari,
1596 3008 1759 3073 Nam
1799 3025 1940 3073 cum
1973 3006 2294 3075 defensam
2321 3006 2701 3089 paravimuS,
2749 3004 2990 3070 licitum

654 3108 837 3174 nobis
866 3107 985 3173 fuit
1016 3109 1207 3174 etiam
1237 3108 1321 3173 ad
1351 3106 1650 3175 offensam
1678 3110 2057 3192 procedere:
2097 3108 2541 3189 Liquidissimo
2569 3106 2764 3189 igitur
2797 3104 2988 3185 bello,

658 3214 805 3275 sunt
846 3211 1136 3291 predicta
1180 3210 1259 3275 de
1301 3210 1588 3276 manibus
1634 3211 1867 3278 inimici
1909 3211 2111 3276 nostri
2156 3214 2436 3292 accepta,
2483 3209 2668 3274 sicuti
2711 3226 2837 3273 non
2873 3207 2988 3272 du-

655 3309 949 3390 bitamus,
996 3311 1478 3377 Serenissimum
1524 3311 1842 3377 dominum
1869 3312 2113 3394 Regem
2143 3311 2408 3378 Polonie
2441 3314 2508 3376 et
2539 3308 2863 3391 Hungarie
2892 3308 2988 3372 iu-

661 3410 1013 3477 dicaturum
1045 3417 1112 3477 et
1140 3412 1755 3494 comprehensurum,
1799 3431 1941 3479 cum
1971 3414 2147 3479 cuius
2173 3412 2516 3478 Maiestate
2548 3429 2799 3493 semper
2830 3415 2896 3477 et
2923 3410 2990 3475 in

661 3530 907 3577 omnem
954 3516 1249 3579 eventum
1291 3512 1706 3579 amicabiliter
1734 3514 1951 3579 vivere
1981 3518 2048 3579 et
2075 3514 2238 3579 bene
2265 3513 2546 3578 vicinare
2577 3512 2986 3594 disponimuS‚

663 3612 849 3679 sicuti
893 3632 1107 3680 sumus
1153 3632 1271 3696 per
1315 3611 1603 3680 effectum
1648 3633 1912 3697 operum
1955 3615 2288 3695 ostensuri,
2341 3614 2428 3679 Et
2465 3617 2805 3696 eapropter
2847 3612 2988 3677 Ma-

660 3714 1086 3795 gnificentiam
1114 3714 1413 3780 Vestram
1450 3733 1768 3796 rogamus,
1806 3721 1881 3781 ut
1933 3715 1992 3781 ei
2031 3715 2281 3797 placeat
2311 3731 2641 3780 remanere
2672 3716 2983 3780 contenta

958 3833 1061 3899 De
1103 3838 1291 3916 parte
1333 3834 1460 3901 alii.
1548 3834 1648 3901 De
1691 3853 1816 3900 non
1864 3838 1923 3901 1.
2013 3834 2158 3900 Non
2201 3834 2431 3900 sinceri
2473 3835 2533 3899 0.

956 3949 1220 4020 (Ambivio
1254 3950 1314 4006 dn·
1344 3950 1498 4007 Staio
1532 3953 1587 4007 in
1632 3952 1873 4017 Vm,

657 4032 1099 4092 Delibat-azioni
1134 4036 1353 4093 Senato
1389 4036 1632 4106 secreti,
1665 4052 1775 4107 reg
1788 4049 1828 4080 ⁰·
1869 4036 1938 4091 16
1962 4052 2010 4091 c.
2042 4034 2194 4105 61¹⁴»)

858 4184 920 4256 ὓ)
974 4186 1243 4260 Dlugosz
1288 4188 1311 4243 i
1344 4206 1617 4261 wszyscy
1654 4187 2076 4260 dziejopisarze
2108 4187 2244 4243 nasi
2274 4187 2588 4259 nazywaja
2623 4203 2700 4258 go
2735 4184 2992 4257 pospoli-

660 4268 749 4324 cie
784 4268 1279 4341 Franco-banom3
1328 4272 1705 4329 Malinowski
1745 4272 1847 4327 aas
1880 4288 1940 4327 w
1971 4270 2364 4343 przypiskach
2403 4270 2478 4326 do
2519 4267 2983 4342 Wapowskiego

652 4351 869 4429 podnje
896 4354 1043 4433 J'ego
1078 4356 1257 4434 petuo
1290 4357 1615 4417 nazwisko:
1660 4356 2019 4412 Franciszek
2052 4374 2085 4412 z
2119 4356 2356 4415 Tauooz
2389 4356 2511 4416 ban
2545 4353 2850 4413 slawonii.
