3793 5187
1763 485 1886 548 143

653 687 1016 770 supplicare
1063 692 1136 755 ut
1177 687 1504 756 Sanctitas
1565 687 1698 756 Sua
1763 695 1896 756 tam
1956 707 2076 772 pro
2134 685 2305 756 dicta
2370 689 2575 772 galea,
2641 707 2765 772 que
2810 689 3002 770 venit,

655 809 846 873 quam
890 807 1012 874 pro
1056 789 1182 856 illis
1233 808 1360 872 que
1401 796 1866 872 remanserunt,
1926 797 2351 875 opportunam
2392 797 2461 859 et
2498 791 2862 858 citissimam
2906 791 3002 858 fa-

657 894 788 960 ciat
821 893 1268 976 provisionem.
1350 892 1456 960 Sic
1499 894 1732 960 etenim
1795 893 2077 962 debitum
2132 899 2199 960 et
2239 894 2561 974 honestaS,
2622 893 2843 977 sicque
2885 893 3001 960 ho-

654 1013 773 1062 nor
815 994 1244 1062 Beatitudinis
1289 995 1418 1062 Sue
1463 997 1844 1079 expostulat.
1914 997 2003 1062 Et
2048 997 2103 1063 si
2144 996 2429 1064 debitum
2471 997 2571 1064 his
2613 997 3003 1080 pauperimis

654 1099 888 1164 zurmis
931 1095 1063 1179 fiet,
1108 1097 1282 1163 ultra
1325 1098 1497 1179 quod
1539 1099 1625 1164 sit
1660 1099 1894 1165 iustum
1940 1103 2007 1164 et
2054 1099 2452 1179 conveniens,
2500 1098 2621 1164 hoc
2666 1100 2857 1164 etiam
2900 1117 3003 1166 se-

657 1204 908 1282 quetur,
973 1199 1146 1282 qnod
1209 1200 1292 1266 ad
1342 1201 1514 1267 mille
1572 1201 1854 1283 pericula
1900 1205 1967 1266 et
2009 1200 2225 1266 cedem
2272 1200 2465 1266 etiam
2507 1218 2579 1266 se
2624 1201 2894 1267 viriliter
2938 1207 3005 1268 et

661 1303 945 1368 animose
992 1308 1332 1385 exponent,
1372 1303 1672 1384 Alioquin
1717 1321 1870 1368 vero
1918 1302 2135 1370 videre
2178 1303 2489 1369 nescimus
2534 1303 2706 1384 quod
2736 1303 3005 1385 amplius

653 1404 722 1470 in
766 1403 1058 1487 partibus
1103 1405 1230 1472 illis
1273 1409 1496 1472 tenere
1541 1405 1815 1484 valeant,
1885 1410 1953 1472 et
2014 1406 2327 1472 nescimus
2398 1407 2505 1486 qui
2571 1405 2843 1487 amplius
2886 1424 3000 1470 un-

657 1524 848 1588 quam
895 1506 954 1573 ei
991 1507 1234 1574 servire
1277 1507 1534 1574 vellent.
1624 1506 1712 1574 Et
1755 1525 1896 1574 cum
1939 1507 2039 1574 his
2083 1512 2152 1574 et
2194 1507 2335 1573 aliis
2378 1507 2595 1573 verbis
2652 1524 2777 1589 qne
2824 1507 3003 1574 vobis

659 1609 842 1676 utilia
888 1609 1291 1689 videbuntur,
1337 1610 1550 1676 omnia
1589 1608 1921 1692 possibilia
1965 1608 2212 1678 faciatis
2244 1627 2363 1693 pro
2406 1609 2751 1676 obtinendo
2795 1609 3002 1676 inten-

656 1711 894 1780 tionem
935 1717 1224 1779 nostram
1265 1711 1784 1795 suprascriptam.

863 1814 938 1882 In
983 1815 1172 1882 dictis
1215 1820 1430 1882 autem
1472 1814 1676 1880 literis
1721 1814 1953 1882 vestris
1996 1813 2181 1880 nobis
2212 1815 2405 1881 etiam
2437 1814 2813 1882 declarastis
2844 1834 3000 1896 qua-

661 1921 811 1984 tuor
851 1917 1094 2000 partita
1151 1937 1270 2000 per
1323 1916 1915 1984 Reverendissimos
1978 1917 2264 1984 dominos
2309 1916 2681 1983 Cardinales
2724 1919 3002 2000 pratica-

659 2020 868 2086 tiones
907 2021 1158 2087 nomine
1204 2019 1444 2086 Summi
1479 2017 1772 2084 Pontifici
1817 2019 2173 2102 proposita,
2218 2019 2517 2086 videlicet
2560 2019 2787 2102 primo,
2832 2020 3004 2102 quod

659 2121 792 2205 liga
837 2121 1134 2188 videlicet
1193 2119 1533 2204 Magnifica
1592 2121 1961 2188 Comunitas
2023 2121 2347 2188 Florentie
2410 2127 2477 2188 et
2536 2141 2653 2188 nos
2724 2122 3007 2189 solveret

661 2224 910 2306 equites
957 2224 1151 2292 111121·
1195 2225 1304 2306 qui
1347 2242 1600 2306 semper
1639 2225 1850 2307 parati
1908 2229 2126 2292 essent
2180 2223 2265 2289 ad
2306 2223 2610 2290 mandata
2660 2229 2727 2291 et
2770 2243 3004 2308 oppor-

659 2327 968 2394 tunitates
1013 2327 1256 2396 Summi
1298 2325 1646 2409 Pontificis‚
1694 2332 1760 2394 et
1805 2327 2021 2409 aliquo
2087 2347 2239 2396 casu
2278 2328 2548 2395 durante
2590 2329 2721 2412 liga
2765 2345 3003 2394 ammo-

660 2430 798 2496 veri
863 2449 990 2496 non
1029 2435 1313 2513 possent,
1363 2436 1428 2496 et
1474 2429 1788 2496 haberent
1853 2429 2239 2512 stipendium
2302 2430 2474 2513 quod
2538 2431 2736 2498 habet
2798 2449 3005 2496 comes

658 2532 948 2614 Francie,
987 2537 1100 2601 aut
1141 2533 1312 2617 quod
1345 2551 1554 2600 comes
1595 2533 1864 2601 Francie
1910 2532 2237 2617 predictus
2283 2551 2424 2601 cum
2466 2533 2653 2601 11111·
2683 2531 3004 2616 equitibus

657 2637 805 2720 lige,
850 2635 932 2703 de
972 2636 1264 2720 partibus
1309 2635 1434 2701 illis
1481 2653 1800 2717 nunquam
1842 2637 2186 2717 levaretur,
2232 2640 2346 2701 aut
2388 2637 2561 2718 quod
2606 2655 2726 2720 per
2769 2636 3005 2703 dictam

658 2737 1060 2822 Magnificam
1095 2737 1560 2805 Comunitatem
1593 2738 1917 2806 Florentie
1960 2744 2027 2804 et
2066 2756 2185 2805 nos
2228 2738 2635 2805 mitterentur
2670 2739 2755 2805 ad
2782 2743 3003 2821 partes

657 2841 804 2907 illas
847 2841 1094 2923 equites
1135 2841 1324 2907 11111·
1378 2840 1529 2907 Sive
1574 2840 1747 2923 quod
1788 2839 1975 2907 fieret
2015 2859 2143 2907 una
2166 2840 2297 2924 liga
2324 2840 2639 2924 generalis
2670 2840 2753 2907 ad
2784 2840 3001 2906 defen-

663 2944 905 3010 sionem
947 2948 1228 3011 statuum
1275 2949 1340 3011 et
1383 2944 1686 3026 potentiis
1733 2943 1943 3024 Italic,
2003 2944 2069 3010 in
2114 2961 2241 3025 qua
2284 2948 2515 3022 essent,
2576 2943 2709 3009 Sua
2754 2942 3002 3010 Sancti-

661 3052 784 3128 taS,
830 3046 1285 3115 Serenissimus
1331 3046 1620 3113 dominus
1664 3046 1804 3113 Rex
1846 3047 2233 3130 Aragonum,
2279 3046 2569 3113 dominus
2602 3046 2729 3112 dux
2759 3046 3004 3113 Medio-

658 3148 808 3229 lani,
871 3168 990 3215 nec
1035 3168 1162 3215 non
1203 3148 1546 3233 Magnifica
1592 3149 1963 3216 Comunitas
2006 3148 2351 3224 Florentie,
2411 3154 2478 3215 et
2535 3167 2671 3215 noe.
2762 3149 3004 3228 Quibus

661 3250 1000 3321 intellectis
1043 3251 1334 3317 volumus
1379 3255 1446 3317 et
1489 3252 1670 3317 vobis
1699 3251 2091 3331 mandamus,
2136 3256 2209 3317 ut
2250 3250 2481 3318 collato
2516 3252 2685 3319 circa
2712 3252 2834 3319 hoc
2865 3271 3006 3319 cum

665 3352 1014 3437 Spectabili
1063 3353 1340 3421 Oratore
1385 3354 1774 3434 Florentino,
1824 3360 1890 3420 et
1934 3373 2011 3421 eo
2056 3354 2123 3420 in
2165 3353 2287 3420 hoc
2336 3360 2771 3435 concurrente,
2818 3354 3005 3423 dictis

659 3456 1234 3524 Reverendissimis
1275 3457 1542 3523 dominis
1573 3456 2013 3523 cardinalibus
2043 3455 2433 3539 respondere
2473 3455 2782 3537 debeatiS,
2824 3457 2998 3539 qnod

663 3564 946 3626 vestrum
991 3560 1259 3643 quilibet
1312 3578 1428 3627 suo
1474 3560 1748 3626 dominio
1816 3559 2075 3643 scripsit
2128 3578 2205 3625 ea
2249 3576 2373 3639 que
2420 3558 2547 3625 Sue
2584 3558 3005 3626 Reverendis-

663 3661 822 3728 sime
869 3662 1254 3729 Paternitati
1295 3666 1788 3746 proposuerunt,
1862 3664 2162 3745 quodque
2224 3662 2367 3745 ipsa
2420 3662 2699 3729 dominia
2741 3681 3006 3745 respon-

661 3764 817 3832 dent
859 3765 1148 3848 profecto
1211 3786 1351 3833 esse
1413 3766 1786 3847 certissima,
1849 3767 1926 3832 B.
1974 3765 2215 3833 Summi
2272 3764 2601 3833 Pontificis
2646 3784 2717 3833 se
2761 3766 3007 3833 sincere

657 3886 917 3934 movere
964 3868 1046 3935 ad
1089 3867 1278 3935 finem
1324 3869 1556 3951 quietis
1601 3875 1668 3935 et
1713 3868 2216 3936 conservationis
2262 3866 2495 3933 nedum
2553 3873 2760 3935 status
2806 3867 3005 3934 eccle-

659 3972 754 4039 sie
793 3976 860 4037 et
902 3972 1336 4054 predictorum
1385 3972 1652 4038 duorum
1699 3972 2119 4038 dominiorum
2162 3971 2278 4037 sed
2321 3970 2515 4036 etiam
2556 3970 2755 4037 totius
2798 3969 3006 4049 Italic,

659 4074 774 4140 sed
823 4075 1310 4141 considerarunt
1372 4093 1568 4157 super
1629 4074 1937 4157 predictis
2002 4078 2275 4156 quatuor
2336 4072 2613 4155 partitis,
2681 4077 2748 4140 et
2805 4088 3004 4153 quan-

659 4182 796 4244 tum
845 4177 930 4243 ad
973 4178 1181 4260 prima
1221 4178 1348 4243 tria
1389 4175 1606 4242 dicunt
1648 4181 2021 4243 reverenter
2074 4174 2414 4258 loquendo,
2482 4173 2653 4256 qnod
2698 4174 2789 4240 eis
2832 4173 3005 4239 vide-

657 4284 764 4345 tur
807 4280 1044 4346 iustum
1106 4284 1172 4345 et
1222 4281 1595 4347 conveniens
1663 4298 1825 4359 esse,
1889 4283 1963 4344 ut
2028 4298 2135 4345 res
2200 4277 2461 4359 equales
2521 4296 2663 4343 esse
2708 4276 3001 4357 debeant,

661 4388 728 4451 et
774 4382 986 4449 omnia
1035 4382 1120 4449 ad
1163 4400 1492 4453 comunem
1557 4382 1899 4453 utilitatem
1969 4386 2035 4451 et
2100 4380 2433 4452 comodum
2496 4386 2563 4451 et
2618 4398 2743 4449 non
2804 4378 3005 4467 magis
