3793 5187
1933 458 2012 520 12

805 659 959 721 tuno
990 655 1393 724 Recordando
1424 677 1533 724 sue
1562 658 1962 740 Excellentie,
2010 660 2173 742 quod
2217 663 2430 727 nostro
2459 659 2729 726 dominio
2759 659 3129 725 molestante

807 777 847 822 a
884 765 1062 841 parte
1094 764 1258 825 terre
1291 766 1355 826 et
1382 761 1593 841 mariS,
1634 767 1705 826 ut
1746 767 1843 826 est
1869 762 2122 841 dictum,
2174 761 2491 828 dominum
2530 762 2758 844 Regem
2791 761 3126 845 Sigismon-

799 861 943 926 dum
990 866 1055 926 et
1097 863 1228 944 ipse
1267 864 1553 930 dominus
1598 865 1729 929 Rex
1771 865 2046 947 Polouie,
2094 885 2232 931 cum
2277 885 2457 947 posse
2499 884 2611 931 suo
2657 865 2966 946 deprimat
3010 869 3131 930 ter-

800 983 903 1028 ras
948 965 1267 1048 Hungarie
1324 967 1545 1032 deinde
1597 967 1745 1048 quia
1802 968 2032 1033 scimus
2093 969 2296 1052 ipsum
2354 985 2489 1033 esse
2548 968 2613 1032 in
2666 969 2807 1052 jure
2863 967 3131 1032 maximo

802 1066 1022 1132 leviter
1058 1068 1135 1134 de
1178 1069 1329 1151 ipsis
1374 1070 1656 1151 acquiret
1715 1089 1853 1135 cum
1918 1070 2150 1137 honore
2207 1075 2378 1137 statu
2432 1076 2497 1137 et
2541 1075 2869 1153 augmento
2914 1088 3027 1134 suo
3071 1074 3135 1134 et

800 1170 917 1235 hoc
960 1173 1140 1237 modo
1202 1174 1545 1254 procuretis
1604 1174 1669 1238 in
1724 1173 1887 1240 bona
1943 1174 2149 1258 gratia
2200 1173 2448 1238 firmare
2507 1178 2573 1238 et
2615 1173 2978 1239 concludere
3021 1172 3133 1238 hec

800 1273 1007 1339 omnia
1034 1275 1314 1356 predicta
1343 1294 1454 1358 per
1490 1277 1740 1341 modum
1772 1277 2038 1356 unionis,
2078 1276 2476 1342 federationis
2515 1295 2589 1341 ac
2618 1275 2961 1340 amicabilis
2991 1275 3130 1356 lige,

799 1381 872 1441 ut
913 1376 1148 1442 dictum
1194 1383 1306 1443 est.
1398 1379 1483 1443 Et
1526 1379 1582 1444 si
1628 1379 1851 1444 melius
1912 1379 2100 1444 sciret
2157 1379 2471 1446 recordari
2532 1384 2850 1460 tamquam
2893 1377 3133 1460 sapien-

799 1478 1076 1544 tissimus
1120 1485 1186 1545 et
1230 1481 1541 1547 virtuosus
1597 1482 1883 1564 princeps
1937 1483 2014 1546 de
2073 1482 2170 1547 his
2233 1500 2352 1563 que
2411 1481 2616 1547 forent
2674 1481 2754 1546 ad
2801 1481 3029 1546 damna
3070 1484 3134 1545 et

798 1581 1282 1647 destructionnm
1337 1583 1563 1665 prefati
1619 1584 1853 1650 inimici
1914 1585 2006 1648 sui
2055 1589 2118 1649 et
2159 1585 2356 1649 nostri
2401 1583 2666 1649 libenter
2711 1583 2996 1663 audietiS,
3059 1586 3133 1648 ut

798 1685 953 1749 fiant
990 1689 1056 1750 et
1092 1689 1423 1752 teneantur
1466 1706 1677 1752 omnes
1720 1687 1811 1753 illi
1856 1687 2022 1752 modi
2067 1688 2174 1768 qui
2220 1688 2352 1752 sint
2393 1685 2716 1768 possibiles
2759 1703 2871 1766 pro
2915 1704 3131 1751 execu-

802 1787 969 1852 tione
1012 1806 1121 1854 sue
1168 1788 1531 1854 intentionis
1578 1794 1642 1854 et
1685 1790 1853 1855 illius
1898 1791 2096 1855 nostri
2160 1789 2415 1854 dominii
2472 1807 2658 1871 super
2700 1787 2982 1854 terminis
3025 1805 3128 1853 su-

798 1890 1113 1972 pradictis.

998 1993 1085 2058 Et
1128 1993 1180 2059 si
1224 2013 1371 2060 vero
1416 1995 1547 2077 ipse
1591 1994 1877 2059 dominus
1907 1995 2039 2060 Rex
2073 1995 2306 2059 (liceret
2349 1997 2460 2059 aut
2502 1993 2624 2058 «lici
2669 1992 2903 2058 faceret
2931 1993 3128 2073 vobiS,

800 2096 965 2178 quod
1008 2100 1172 2161 esset
1223 2097 1288 2160 in
1348 2100 1610 2178 treugua
1668 2117 1806 2163 cum
1868 2099 2036 2180 Rege
2081 2095 2467 2180 Sigismondo
2527 2102 2592 2161 et
2632 2096 2800 2162 illam
2851 2113 2985 2161 esse
3027 2095 3131 2160 fir-

798 2217 963 2263 mam
1007 2217 1204 2281 usque
1246 2201 1325 2265 ad
1370 2204 1616 2282 tempus
1660 2201 2004 2284 predictum
2047 2200 2276 2266 mensis
2304 2198 2592 2282 Augusti,
2635 2198 2921 2264 volumus
2964 2200 3129 2280 quod

794 2300 1041 2368 faciatis
1085 2321 1296 2367 omnes
1338 2302 1662 2385 possibiles
1706 2303 2117 2385 experientias
2169 2302 2431 2368 honesto
2473 2302 2654 2367 modo
2701 2305 2765 2366 et
2808 2319 2946 2366 cum
2989 2321 3130 2385 per-

796 2405 1138 2471 tinentibus
1182 2409 1247 2470 et
1289 2405 1669 2488 sapientibus
1716 2403 1936 2486 verbis,
1985 2426 2104 2489 que
2147 2406 2321 2471 vobis
2363 2410 2429 2471 et
2465 2404 2651 2470 Petro
2689 2404 2993 2470 Bicarano
3039 2403 3128 2467 vi-

795 2507 1106 2574 debuntur
1135 2509 1474 2588 convenite,
1522 2509 1575 2574 si
1617 2509 1904 2575 dominus
1947 2510 2079 2575 Rex
2110 2510 2272 2574 velet
2301 2508 2648 2575 contentari
2678 2507 2981 2590 possendo
3012 2507 3131 2572 hoc

798 2608 1001 2677 facere
1045 2630 1183 2678 cum
1226 2611 1459 2676 honore
1502 2630 1615 2677 suo
1658 2613 1735 2677 de
1777 2614 2081 2677 movenda
2131 2630 2356 2695 guerra
2415 2616 2562 2677 ante
2598 2612 2837 2677 dictum
2881 2614 3127 2693 tempus

794 2718 859 2779 et
902 2714 1344 2795 comprehensa
1379 2732 1493 2779 sua
1536 2714 1883 2780 intentione
1925 2715 2119 2799 regali
2161 2715 2242 2781 ab
2289 2734 2361 2780 eo
2390 2715 2488 2780 vel
2524 2732 2564 2779 a
2607 2714 2735 2781 suis
2771 2713 3125 2793 baronibuS,

794 2817 851 2882 si
894 2816 1069 2883 vobis
1111 2822 1319 2883 tamen
1363 2816 1673 2883 videbitur
1702 2818 1817 2883 hoc
1844 2816 2047 2883 facere
2088 2817 2310 2883 debere
2353 2817 2641 2898 finaliter,
2687 2816 2931 2899 cognito
2961 2816 3125 2897 quod

794 2938 918 2985 non
962 2919 1045 2985 sit
1088 2921 1325 3003 modus,
1373 2920 1536 3003 quod
1578 2920 1711 2985 Rex
1742 2920 1929 2987 vellet
1955 2938 2242 3003 rumpere
2282 2924 2430 2985 ante
2473 2927 2716 3001 tempus
2759 2920 3126 3002 predictum,

792 3040 915 3087 non
960 3022 1309 3103 procedatis
1335 3022 1598 3087 ulterius
1641 3022 1707 3086 in
1751 3022 2022 3104 aliquam
2059 3022 2364 3104 praticam
2393 3022 2516 3105 lige
2547 3022 2643 3086 vel
2671 3021 2936 3087 unionis.
3005 3019 3127 3087 Sed

792 3124 1018 3190 dicatis
1063 3126 1228 3207 quod
1269 3125 1383 3190 hec
1426 3124 1643 3191 dilatio
1704 3143 1827 3190 non
1882 3132 2048 3191 esset
2097 3125 2218 3191 nisi
2263 3125 2484 3191 nociva
2529 3143 2640 3191 sue
2685 3124 3016 3190 Serenitati
3063 3128 3129 3189 et

791 3226 968 3292 nobis
1016 3227 1164 3309 quia
1206 3231 1411 3292 totum
1457 3227 1521 3292 in
1566 3244 1688 3308 quo
1737 3232 1996 3292 conatus
2040 3231 2140 3293 cst
2175 3227 2308 3292 Rex
2341 3226 2763 3310 Sigismondus
2809 3230 3020 3292 tenere
3063 3230 3128 3291 et

791 3328 1041 3394 firmare
1084 3334 1428 3411 treuguam,
1474 3322 1624 3395 fecit
1670 3348 1781 3411 pro
1825 3331 2250 3396 descendendo
2303 3337 2624 3414 acceptum
2671 3348 2958 3395 coronam
3002 3329 3124 3394 Im-

792 3431 967 3513 perii,
1030 3432 1138 3497 sed
1198 3450 1338 3498 cum
1396 3431 1617 3496 habuit
1666 3450 1844 3497 suam
1889 3432 2296 3497 intentionem
2341 3432 2508 3497 volet
2549 3433 2756 3497 omnia
2797 3432 3128 3515 subiugare

790 3534 1127 3599 secundum
1171 3534 1519 3616 appetitum
1556 3552 1736 3599 suum
1780 3540 1845 3600 et
1889 3536 2209 3616 tamquam
2245 3534 2591 3616 Imperator
2619 3535 2786 3601 dicet
2815 3534 3016 3599 multa
3045 3534 3125 3599 ad

793 3655 933 3702 eum
978 3640 1275 3719 spectare.
1366 3635 1453 3701 Et
1495 3642 1825 3719 propterea
1866 3656 1992 3703 non
2036 3638 2338 3718 possendo
2385 3656 2492 3703 vos
2535 3636 2720 3702 aliter
2763 3636 3126 3703 concludere

792 3757 929 3805 cum
970 3744 1147 3803 tanta
1177 3738 1477 3804 dilatione
1518 3759 1631 3806 nec
1676 3739 1958 3806 habendo
2001 3740 2353 3805 libertatem
2396 3740 2462 3804 in
2507 3739 2642 3820 hoc,
2687 3739 2972 3806 scribetis
3015 3757 3124 3804 no·-

790 3838 887 3906 bis
947 3845 1174 3923 presto,
1238 3846 1302 3907 et
1362 3843 1767 3924 expectabitis
1832 3843 2196 3907 mandatum
2254 3846 2552 3907 nostrum.
2643 3842 2730 3907 Et
2780 3842 2869 3908 sic
2922 3840 3126 3907 facere

789 3943 1067 4010 debeatis
1111 3944 1431 4010 scribendo
1474 3945 1651 4011 nobis
1694 3964 1805 4028 pro
1848 3950 2068 4010 nostra
2111 3944 2548 4009 informatione
2600 3948 2804 4009 totum
2848 3944 2914 4009 id
2955 3944 3124 4025 quod

794 4046 1123 4128 potueri-tis
1160 4047 1693 4130 comprehendere,
1740 4048 1907 4130 quod
1951 4047 2036 4112 sit
2080 4047 2174 4111 vel
2204 4064 2340 4112 esse
2369 4045 2567 4128 possit
2596 4047 2673 4111 de
2701 4049 2909 4111 mente
2933 4050 2998 4111 et
3026 4046 3119 4111 in-

788 4150 1065 4214 tentione
1105 4149 1335 4214 domini
1381 4149 1572 4231 Regis
1614 4148 1887 4215 Polonie.

993 4251 1113 4317 Sed
1152 4252 1205 4316 si
1240 4270 1352 4332 per
1394 4252 1644 4316 modum
1689 4252 1924 4317 dictum
1967 4251 2252 4333 superius
2311 4249 2776 4316 contentabitur
2817 4266 3120 4331 rumpere,

788 4358 933 4421 ante
977 4353 1178 4436 ipsum
1223 4355 1555 4421 terminum
1598 4355 1827 4421 mensis
1871 4354 2158 4437 Augusti,
2221 4371 2364 4437 ymo
2411 4358 2622 4435 presto
2663 4352 3014 4433 guerrizare
3057 4357 3123 4417 et
