3793 5187
1831 510 1955 575 117

1786 798 1994 875 LIV.

1440 937 1877 1007 mccccxum.
1919 937 2014 1006 die
2053 938 2158 1005 vn.
2205 938 2346 1005 iulii.

935 1107 1093 1175 Cum
1138 1108 1503 1191 Magnificus
1545 1110 1833 1175 dominus
1874 1109 1954 1175 de
1997 1108 2262 1175 Wahrin
2325 1108 2704 1193 Capitaneus
2749 1112 3066 1196 galearum

729 1212 831 1279 hic
875 1216 1259 1279 armatarum
1302 1213 1551 1279 nomine
1600 1213 1807 1279 Incliti
1866 1211 2101 1279 domini
2161 1214 2337 1279 ducis
2392 1213 2747 1299 Burgondie
2789 1215 2933 1281 hinc
2970 1234 3066 1281 re-

729 1316 1003 1397 cesserit,
1070 1315 1406 1399 feceritque
1457 1334 1572 1382 nos
1614 1316 1928 1382 instanter
1983 1317 2211 1399 rogari,
2275 1322 2348 1383 ut
2399 1320 2731 1385 mandetur
2774 1338 3066 1403 supraco-

728 1417 901 1484 mitis
942 1418 1262 1501 galearum
1306 1418 1423 1485 sibi
1469 1420 1955 1500 commissarum,
2005 1421 2171 1501 quod
2214 1419 2502 1486 celeriter
2534 1441 2672 1487 eum
2704 1427 3063 1504 sequantur,

728 1527 794 1589 et
836 1522 922 1587 sit
965 1521 1165 1587 honor
1223 1539 1297 1588 ac
1356 1520 1635 1587 debitum
1695 1523 1895 1588 nostri
1961 1522 2217 1589 dominii
2279 1524 2602 1606 providere
2659 1543 2773 1606 per
2816 1525 3065 1591 modum

729 1625 897 1709 quod
939 1624 1345 1708 supracomiti
1387 1624 1661 1706 ipsarum
1704 1624 2026 1707 galearum
2069 1624 2171 1691 hic
2212 1626 2583 1691 restantium
2615 1627 2955 1708 discedant,
3002 1632 3068 1693 et

726 1728 829 1793 hic
872 1746 998 1794 non
1043 1725 1351 1807 differant,
1403 1726 1567 1793 sicut
1607 1727 1729 1793 nisi
1772 1728 2193 1811 provideatur,
2239 1729 2572 1794 tenendum
2619 1735 2734 1810 est,
2780 1730 2944 1813 quod
2974 1729 3066 1795 fa-

730 1831 915 1913 cient,
962 1830 1157 1897 Vadit
1199 1849 1347 1914 pars
1390 1831 1556 1913 quod
1600 1831 1724 1898 due
1766 1849 1841 1897 ex
1884 1830 2080 1915 galeis
2122 1830 2418 1912 predictis
2477 1834 2810 1897 teneantur
2868 1852 3066 1899 reces-

727 1934 882 1999 sisse
925 1952 1037 2017 per
1080 1938 1281 2000 totam
1316 1933 1475 2000 hanc
1516 1940 1762 2001 noctem
1807 1936 1886 2001 de
1928 1934 2215 2001 Veneciis
2267 1953 2381 2017 pro
2423 1935 2624 2001 eundo
2671 1935 2750 2001 ad
2793 1935 3066 2019 viagium

728 2056 928 2117 suum,
990 2035 1105 2101 sub
1164 2055 1325 2119 pena
1366 2038 1735 2103 ducatorum
1794 2036 1967 2103 mille
2024 2036 2280 2103 cuilibet
2321 2040 2742 2120 supracomito
2787 2038 3064 2122 ipsarum

726 2138 1067 2221 galearum,
1115 2138 1417 2222 exigenda
1453 2158 1566 2223 per
1594 2140 2016 2207 Advocatores
2051 2141 2250 2207 nostri
2281 2141 2578 2208 comunis
2649 2141 2893 2208 Ultima
2918 2161 3067 2210 vero

724 2241 907 2326 galea
968 2246 1258 2308 teneatur
1319 2242 1649 2309 recessisse
1707 2243 1773 2309 in
1836 2243 2175 2311 crastinum
2238 2243 2320 2309 ad
2377 2244 2697 2310 meridiem
2749 2244 2866 2312 sub
2909 2263 3069 2328 pena

728 2346 1027 2429 predicta.

1029 2448 1131 2513 De
1167 2452 1355 2530 parte
1451 2450 1595 2517 115.

1030 2551 1132 2618 De
1173 2570 1300 2618 non
1538 2557 1599 2620 2.

1032 2655 1176 2722 Non
1215 2656 1446 2722 sinceri
1537 2659 1598 2722 Ο.

1676 2847 1779 2915 Die
1824 2848 2110 2932 predicto.

929 2981 1063 3046 Nos
1122 2983 1492 3049 Franciscus
1554 2983 1805 3049 Foscari
1859 2983 1976 3049 Dci
2034 2984 2238 3068 gratia
2297 2983 2440 3050 Dux
2499 2984 2903 3051 Venetiarum
2949 2989 3065 3050 etc.

729 3083 1193 3152 Committimus
1240 3084 1412 3152 vobis
1442 3085 1769 3153 Nobilibus
1800 3087 1952 3152 viris
1998 3087 2185 3154 Petro
2218 3087 2502 3170 GeorgiO,
2550 3087 2858 3153 Ieronimo
2889 3087 3064 3152 Mau-

727 3206 972 3267 roceno‚
1025 3189 1297 3254 Antonio
1343 3189 1715 3255 Lauredano
1762 3193 1828 3255 et
1870 3190 2117 3256 Andree
2149 3189 2505 3257 Contareno
2549 3189 2793 3255 dilectis
2836 3189 3070 3256 civibus

727 3291 981 3372 nostrie,
1032 3291 1206 3370 Quod
1240 3291 1308 3357 in
1345 3291 1592 3356 nomine
1622 3291 1763 3356 Iesu
1796 3291 2048 3373 Christi,
2097 3298 2163 3358 et
2199 3293 2265 3357 in
2302 3291 2470 3358 bona
2509 3292 2848 3376 gratia,‘et
2878 3293 3068 3358 victo-

726 3393 821 3458 ria
872 3393 1117 3460 vadatis
1180 3395 1579 3476 supracomiti
1640 3396 2020 3476 presentium
2078 3401 2352 3479 quatuor
2407 3395 2753 3478 galearum,
2819 3397 3070 3462 nomine

728 3495 939 3563 Incliti
984 3497 1215 3562 domini
1259 3496 1453 3563 Ducis
1495 3499 1851 3581 Burgondie
1886 3498 1990 3564 hic
2019 3503 2423 3580 armatarum,
2469 3505 2662 3582 utque
2701 3499 3068 3582 intelligatis

728 3603 998 3666 mentem
1041 3604 1339 3681 nostram,
1386 3599 1779 3666 declaramus
1812 3601 2028 3682 Vobis,
2075 3601 2241 3685 quod
2286 3608 2499 3668 nostre
2545 3601 2908 3667 intentionis
2953 3606 3065 3682 cst,

728 3706 794 3768 et
825 3701 1129 3784 volumuS,
1172 3704 1337 3785 quod
1366 3703 1506 3770 sitis
1536 3703 1613 3769 ad
1646 3702 2060 3770 obedientiam
2091 3703 2407 3788 Magnifici
2436 3705 2666 3772 domini
2698 3706 2776 3771 de
2809 3705 3070 3771 Wahrin

729 3805 1038 3887 capitanei
1071 3805 1377 3872 dictarum
1409 3806 1748 3889 galearum,
1780 3808 2054 3889 gerendo
2085 3827 2194 3874 vos
2229 3827 2438 3874 secum
2467 3812 2841 3889 reverenter,
2887 3807 3068 3874 affec-

730 3911 929 3990 tuose,
975 3913 1041 3974 et
1082 3909 1372 3993 humane,
1422 3910 1586 3977 sicut
1626 3911 1690 3975 in
1734 3909 2070 3994 prudentia
2111 3917 2322 3977 vestra
2367 3909 2749 3992 confidimus,
2797 3917 2863 3976 et
2905 3910 3069 3977 sicut

728 4030 877 4095 erga
921 4030 1249 4094 personam
1296 4017 1575 4080 nostram
1617 4013 1940 4096 propriam
1983 4012 2290 4081 faceretis.

936 4113 1507 4182 Commemoramus
1550 4120 1763 4182 tamen
1806 4116 2001 4199 vobis»,
2048 4118 2213 4200 quod
2257 4117 2312 4184 si
2355 4116 2519 4183 forte
2560 4116 2626 4182 in
2669 4134 2922 4182 accessu
2964 4136 3067 4182 ve-

730 4221 883 4298 str0,
929 4215 1267 4285 obviaretis
1310 4218 1499 4286 alicui
1544 4223 1805 4301 armate,
1850 4225 1965 4286 aut
2006 4221 2270 4304 navigiis
2314 4218 2579 4302 Sultani,
2633 4237 2745 4285 seu
2791 4217 3068 4284 subdito-

728 4339 867 4385 rum
911 4339 1186 4402 suorum,
1249 4328 1463 4389 nostre
1522 4322 1887 4389 intentionis
1932 4327 2046 4404 est,
2107 4323 2273 4405 quod
2331 4323 2420 4389 eis
2463 4321 2645 4387 modo
2687 4321 2897 4404 aliquo
2942 4339 3066 4386 non

728 4421 839 4492 fiat
883 4423 1146 4508 novitas,
1191 4423 1307 4492 sub
1350 4443 1513 4511 pena
1556 4423 1810 4492 cuilibet
1844 4425 2140 4494 Vestrum
2185 4424 2576 4493 ammittendi
2605 4425 2832 4510 capita,
2881 4424 3066 4492 immo
