3793 5187
1798 446 1875 507 13

666 642 868 710 facere
910 662 1091 728 posse
1134 663 1315 713 suum
1342 663 1383 710 a
1409 651 1591 728 parte
1621 665 1751 728 sua,
1792 653 1857 714 et
1882 648 2050 730 quod
2084 665 2198 714 nos
2231 648 2394 715 idem
2425 647 2721 717 faciamus
2751 667 2791 715 a
2819 653 2999 731 parte

666 752 902 829 nostra,
950 752 1023 814 ut
1068 753 1165 815 est
1197 749 1449 829 dictum,
1495 751 1603 817 sed
1632 752 1796 817 velet
1838 771 1906 818 se
1949 752 2208 819 ulterius
2252 753 2596 836 intelligere
2620 754 2717 818 vel
2761 752 3000 836 aliquid

666 851 1013 934 requireret
1054 852 1221 918 ultra
1264 871 1554 934 expressa
1597 854 1879 936 superius
1919 858 1984 920 et
2012 855 2343 935 declarata,
2385 856 2666 922 volumus
2697 856 2862 938 quod
2893 855 2999 921 de-

666 953 926 1020 liberato
971 955 1137 1021 inter
1179 974 1289 1022 vos
1331 958 1488 1023 duos
1530 975 1717 1040 super
1758 957 1877 1024 hac
1917 959 2314 1040 responsione
2342 957 2546 1024 fienda
2574 959 2652 1025 de
2679 957 2845 1024 facto
2875 959 3000 1025 Im-

668 1056 845 1139 perii,
893 1057 1119 1125 dicatis
1163 1059 1329 1140 quod
1370 1058 1505 1125 Rex
1534 1058 1964 1143 Sigismundus
2001 1059 2221 1127 habuit
2250 1061 2548 1127 electores
2577 1061 2827 1143 Imperii
2857 1080 2998 1144 pro-

662 1159 871 1240 pitios.
947 1160 1069 1227 Sed
1113 1160 1168 1227 si
1212 1161 1375 1228 idem
1402 1162 1537 1228 Rex
1565 1162 1820 1230 Polonie
1850 1164 2088 1230 videret
2117 1166 2366 1230 modum
2399 1164 2687 1246 possendi
2715 1162 2996 1229 obtinere

663 1261 997 1346 Imperium
1048 1269 1123 1329 ut
1184 1264 1289 1329 ille
1346 1265 1454 1347 qui
1508 1270 1605 1330 est
1668 1265 2236 1332 christianissimus
2291 1272 2359 1332 et
2400 1267 2499 1333 cui
2535 1267 2756 1332 melius
2799 1270 2998 1332 staret

663 1363 999 1448 Imperium
1046 1384 1233 1449 quam
1274 1367 1437 1434 alius
1478 1368 1763 1436 dominus
1826 1363 2080 1452 propter
2122 1369 2490 1451 sapientiam
2533 1388 2712 1436 suam
2752 1388 2827 1435 ac
2868 1389 2999 1435 ma-

662 1468 893 1534 ximam
923 1469 1285 1551 potentiam,
1331 1489 1446 1536 nec
1486 1489 1609 1538 non
1640 1471 1946 1538 sincerum
1991 1471 2265 1537 animum
2310 1472 2390 1538 ad
2432 1471 2679 1552 bonum,
2727 1472 2996 1556 quietem

662 1575 728 1636 et
769 1569 1186 1638 defensionem
1232 1571 1729 1640 Christianitatis
1783 1579 1847 1640 et
1899 1575 1981 1639 ad
2033 1576 2405 1658 possendum
2462 1576 2804 1658 deprimere
2860 1573 2997 1640 infi-

662 1673 848 1755 deles,
896 1679 1216 1758 tamquam
1260 1694 1335 1741 ex
1380 1676 1833 1758 potentioribus
1875 1678 2255 1760 principibus
2295 1679 2528 1744 mundi.
2587 1678 2718 1744 Nos
2749 1697 2788 1742 a
2817 1684 2996 1761 parte

660 1781 878 1844 nostra
920 1777 1281 1844 conabimur
1336 1777 1512 1844 iuxta
1567 1797 1767 1861 posse,
1826 1783 2120 1860 tractare,
2177 1786 2251 1846 ut
2303 1779 2532 1846 habere
2579 1781 2778 1864 possit
2823 1799 2995 1847 coro-

657 1899 803 1946 nam
862 1880 1133 1963 Imperii.
1220 1881 1308 1945 Et
1351 1881 1613 1946 ulterius
1672 1881 2095 1963 promittimus
2153 1882 2272 1948 sibi
2332 1884 2482 1949 dare
2545 1885 2875 1950 transitum
2931 1887 2995 1950 et

659 2002 878 2066 passus
922 1988 1169 2049 nostros
1214 1989 1277 2050 et
1320 1982 1523 2050 facere
1581 1983 1699 2050 sibi
1740 1983 2003 2050 honores
2055 1991 2118 2050 et
2160 1986 2415 2051 comoda
2457 1985 2794 2068 possibilia,
2857 2005 2993 2052 cum

658 2087 1057 2153 descenderet
1096 2105 1210 2168 per
1256 2090 1453 2152 terras
1499 2091 1563 2152 et
1607 2087 1742 2154 loca
1769 2094 1987 2153 nostra
1999 2107 2122 2171 ·pro
2151 2088 2525 2170 acquirendo
2557 2107 2842 2155 coronam
2873 2088 2994 2152 Im-

658 2189 833 2272 perii,
880 2193 952 2254 ut
994 2193 1091 2256 est
1132 2189 1384 2256 dictum.

862 2293 950 2358 Et
996 2293 1048 2358 si
1092 2311 1211 2374 pur
1251 2293 1390 2377 (sic)
1446 2298 1645 2358 staret
1706 2298 1996 2359 constans
2049 2293 2116 2359 in
2176 2293 2388 2376 aliqua
2445 2293 2844 2374 requisitione
2897 2295 2993 2359 vel

658 2395 1061 2478 promissione
1091 2395 1209 2460 sibi
1240 2395 1461 2475 fienda,
1507 2396 1915 2479 promittente
1951 2395 2104 2477 ipso,
2145 2395 2302 2460 velle
2328 2413 2613 2477 rumpere
2655 2401 2719 2460 et
2759 2398 2994 2478 guerri-

656 2516 801 2564 zare
854 2503 1003 2564 ante
1064 2516 1339 2564 mensem
1390 2499 1676 2581 Augusti,
1738 2503 1810 2562 ut
1853 2503 1951 2563 est
1992 2497 2244 2577 dictum,
2307 2502 2371 2562 et
2435 2497 2618 2563 aliter
2667 2517 2792 2564 non
2836 2500 2996 2564 velet

659 2602 982 2667 attendere
1025 2600 1105 2667 ad
1148 2602 1445 2683 predicta,
1484 2600 1762 2667 debeatis
1805 2601 2178 2681 respondere
2226 2600 2391 2682 quod
2429 2602 2562 2681 hoc,
2610 2602 2774 2684 quod
2817 2602 2994 2668 nobis

654 2702 856 2769 visum
882 2702 1020 2784 fuit,
1066 2702 1197 2769 fore
1224 2704 1463 2787 justum
1509 2708 1574 2767 et
1615 2702 1988 2768 rationabile
2032 2702 2547 2768 committendum
2585 2704 2776 2783 vobiS,
2824 2706 2994 2771 dedi-

653 2824 791 2871 mus
848 2806 913 2871 in
974 2806 1401 2872 commissione
1467 2826 1579 2889 pro
1641 2806 2006 2889 praticando
2050 2810 2114 2871 et
2158 2806 2576 2872 concludendo
2641 2826 2866 2889 secum,
2930 2814 2996 2874 et

654 2909 822 2991 quod
859 2906 1041 2974 nobis
1082 2908 1283 2974 visum
1328 2907 1516 2974 etiam
1560 2907 1680 2973 fuit
1725 2907 1927 2974 facere
1986 2928 2098 2989 pro
2152 2907 2314 2974 bono
2353 2912 2418 2973 et
2465 2909 2844 2976 exaltatione
2884 2928 2995 2976 sue

655 3029 879 3077 corone
940 3016 1006 3077 et
1061 3012 1262 3078 nostri
1321 3011 1577 3078 dominii
1622 3016 1685 3077 et
1727 3030 1851 3077 non
1895 3011 2158 3077 ulterius
2216 3030 2330 3077 nec
2381 3011 2551 3077 aliud
2595 3013 2860 3095 possetis
2901 3013 2993 3077 di-

655 3132 811 3195 cere,
857 3114 967 3181 sed
1010 3114 1175 3197 quod
1217 3113 1396 3181 nobis
1440 3114 1730 3179 scribetis
1772 3132 1960 3196 super
1999 3114 2113 3179 tali
2143 3114 2560 3180 declaratione
2604 3120 2668 3180 et
2710 3120 2993 3197 expecta-

653 3216 801 3283 bitis
842 3217 1223 3283 mandatum.
1316 3216 1403 3282 Et
1444 3216 1535 3282 sic
1577 3216 1775 3283 facere
1835 3215 2133 3297 debeatis,
2195 3236 2320 3282 non
2382 3216 2738 3283 desistendo
2783 3220 2991 3282 tamen

652 3319 943 3386 continue
987 3325 1052 3385 et
1091 3318 1341 3385 interim
1399 3337 1733 3402 procurare
1794 3337 1933 3385 cum
1991 3318 2128 3401 ipso
2180 3318 2430 3385 domino
2489 3318 2662 3402 Rege
2706 3326 2770 3385 et
2814 3319 2992 3385 indu-

652 3440 793 3488 cere
834 3421 1031 3503 illum,
1074 3425 1151 3487 ut
1191 3425 1443 3503 rumpat
1485 3425 1551 3487 et
1596 3421 1923 3505 guerrizet,
1969 3426 2042 3487 ut
2085 3422 2370 3504 superius
2414 3422 2656 3488 dictum
2704 3428 2818 3488 est.

855 3524 1095 3591 Ultimo
1140 3524 1288 3607 quia
1330 3528 1405 3589 ut
1434 3528 1530 3590 est
1558 3524 2041 3607 imaginandum,
2085 3524 2221 3607 ipse
2263 3525 2548 3591 dominus
2587 3526 2720 3592 Rex
2758 3544 2868 3591 vos
2894 3544 2994 3591 re-

656 3626 865 3709 quiret
905 3626 973 3692 in
1017 3645 1165 3693 casu
1226 3645 1349 3708 quo
1408 3627 1858 3693 condescendat
1902 3626 1982 3692 ad
2026 3628 2508 3711 suprascriptam
2574 3631 2850 3694 nostram
2893 3628 2987 3693 in-

650 3730 991 3797 tentionem
1026 3749 1138 3813 per
1168 3730 1437 3812 aliquem
1474 3730 1796 3795 modorum
1836 3730 2427 3813 suprascriptorum,
2471 3731 2635 3813 quod
2666 3732 2993 3798 declaretis

650 3832 767 3898 sibi
810 3850 998 3915 super
1037 3831 1201 3899 facto
1245 3832 1367 3915 lige
1412 3851 1521 3915 pro
1566 3837 1800 3914 quanto
1845 3836 2127 3915 tempore
2171 3832 2303 3899 fieri
2334 3832 2576 3913 debeat,
2622 3839 2688 3899 et
2731 3833 2992 3900 ulterius

650 3935 814 4017 quod
858 3953 971 4018 pro
1014 3939 1291 4017 tempore
1334 3953 1458 4017 quo
1500 3934 1855 4001 firmaretur
1898 3942 2122 4002 neutra
2163 3935 2436 4018 partium
2479 3936 2742 4002 deberet
2786 3935 2989 4002 facere

649 4053 863 4119 pacem
902 4054 1016 4101 nec
1046 4041 1371 4119 treuguam
1415 4037 1549 4103 sine
1592 4055 1892 4103 consensu
1936 4038 2194 4103 alterius
2235 4038 2453 4119 partis.
2535 4038 2982 4121 Respondeatis

652 4138 819 4220 quod
863 4140 1014 4221 quia
1054 4144 1273 4205 nostra
1312 4140 1653 4206 dominatio
1697 4140 1936 4207 audivit
1983 4142 2148 4224 quod
2192 4146 2456 4223 treugua
2510 4145 2648 4206 erat
2675 4140 2840 4205 inter
2881 4142 2990 4206 do-

642 4242 881 4308 minum
926 4242 1157 4326 Regem
1186 4242 1441 4309 Polonie
1484 4249 1549 4310 et
1589 4245 1819 4327 Regem
1860 4244 2201 4327 Hungarie,
2243 4262 2364 4327 que
2391 4242 2660 4309 durabat
2686 4262 2880 4326 usque
2909 4244 2989 4309 ad

639 4364 917 4413 mensem
961 4346 1249 4430 Augusti,
1294 4344 1511 4415 habito
1562 4351 1845 4430 respectu
1889 4347 2057 4430 quod
2100 4346 2214 4413 hec
2259 4345 2478 4413 dilatio
2515 4345 2813 4430 temporis
2854 4363 2981 4413 non
