<?xml version="1.0" encoding="UTF-8"?>
<!DOCTYPE html PUBLIC "-//W3C//DTD XHTML 1.0 Transitional//EN"
    "http://www.w3.org/TR/xhtml1/DTD/xhtml1-transitional.dtd">
<html xmlns="http://www.w3.org/1999/xhtml" xml:lang="en" lang="en">
 <head>
  <title>
</title>
<meta http-equiv="Content-Type" content="text/html;charset=utf-8" />
  <meta name='ocr-system' content='tesseract 3.04.00' />
  <meta name='ocr-capabilities' content='ocr_page ocr_carea ocr_par ocr_line ocrx_word'/>
</head>
<body>
  <div class='ocr_page' id='page_1' title='image "./fontesrerumpolo00unkngoog_0103.png"; bbox 0 0 3793 5187; ppageno 0'>
   <div class='ocr_carea' id='block_1_1' title="bbox 1900 434 1981 515">
    <p class='ocr_par' dir='ltr' id='par_1_1' title="bbox 1900 434 1981 515">
     <span class='ocr_line' id='line_1_1' title="bbox 1900 434 1981 515; baseline 0 0"><span class='ocrx_word' id='word_1_1' title='bbox 1900 434 1981 515; x_wconf 73' lang='lat'>96</span> 
     </span>
    </p>
   </div>
   <div class='ocr_carea' id='block_1_2' title="bbox 1741 539 2149 551">
    <p class='ocr_par' dir='ltr' id='par_1_2' title="bbox 1741 539 2149 551">
     <span class='ocr_line' id='line_1_2' title="bbox 1741 539 2149 551; baseline 0 0"><span class='ocrx_word' id='word_1_2' title='bbox 1741 539 2149 551; x_wconf 95' lang='lat' dir='ltr'> </span> 
     </span>
    </p>
   </div>
   <div class='ocr_carea' id='block_1_3' title="bbox 784 648 3108 944">
    <p class='ocr_par' dir='ltr' id='par_1_3' title="bbox 784 648 3108 944">
     <span class='ocr_line' id='line_1_3' title="bbox 786 648 3108 738; baseline -0.002 -21"><span class='ocrx_word' id='word_1_3' title='bbox 786 656 920 717; x_wconf 90' lang='lat' dir='ltr'>tum</span> <span class='ocrx_word' id='word_1_4' title='bbox 964 666 1187 736; x_wconf 84' lang='lat' dir='ltr'>resque</span> <span class='ocrx_word' id='word_1_5' title='bbox 1226 672 1441 720; x_wconf 89' lang='lat' dir='ltr'>omnes</span> <span class='ocrx_word' id='word_1_6' title='bbox 1485 660 1615 720; x_wconf 81' lang='lat' dir='ltr'>tam</span> <span class='ocrx_word' id='word_1_7' title='bbox 1662 655 1817 722; x_wconf 86' lang='lat' dir='ltr'>bene</span> <span class='ocrx_word' id='word_1_8' title='bbox 1860 656 2160 738; x_wconf 78' lang='lat' dir='ltr'><strong>disposite</strong></span> <span class='ocrx_word' id='word_1_9' title='bbox 2201 655 2465 721; x_wconf 88' lang='lat' dir='ltr'>inveniri</span> <span class='ocrx_word' id='word_1_10' title='bbox 2519 673 2644 720; x_wconf 89' lang='lat' dir='ltr'>non</span> <span class='ocrx_word' id='word_1_11' title='bbox 2681 654 2993 737; x_wconf 87' lang='lat' dir='ltr'>poterunt,</span> <span class='ocrx_word' id='word_1_12' title='bbox 3040 648 3108 713; x_wconf 89' lang='lat' dir='ltr'>et</span> 
     </span>
     <span class='ocr_line' id='line_1_4' title="bbox 784 750 3106 841; baseline -0.002 -22"><span class='ocrx_word' id='word_1_13' title='bbox 784 755 973 820; x_wconf 88' lang='lat' dir='ltr'>etiam</span> <span class='ocrx_word' id='word_1_14' title='bbox 1020 774 1145 821; x_wconf 94' lang='lat' dir='ltr'>non</span> <span class='ocrx_word' id='word_1_15' title='bbox 1189 758 1519 823; x_wconf 85' lang='lat' dir='ltr'>accedente</span> <span class='ocrx_word' id='word_1_16' title='bbox 1563 760 1629 824; x_wconf 92' lang='lat' dir='ltr'>in</span> <span class='ocrx_word' id='word_1_17' title='bbox 1676 764 1954 841; x_wconf 85' lang='lat' dir='ltr'>tempore</span> <span class='ocrx_word' id='word_1_18' title='bbox 1997 759 2272 826; x_wconf 88' lang='lat' dir='ltr'>exercitu</span> <span class='ocrx_word' id='word_1_19' title='bbox 2311 750 2626 825; x_wconf 76' lang='lat' dir='ltr'>&#39;antedicto</span> <span class='ocrx_word' id='word_1_20' title='bbox 2669 757 2906 823; x_wconf 83' lang='lat' dir='ltr'>frustra</span> <span class='ocrx_word' id='word_1_21' title='bbox 2942 752 3106 817; x_wconf 88' lang='lat' dir='ltr'>esset</span> 
     </span>
     <span class='ocr_line' id='line_1_5' title="bbox 789 858 2104 944; baseline 0.005 -21"><span class='ocrx_word' id='word_1_22' title='bbox 789 874 1074 924; x_wconf 82' lang='lat' dir='ltr'><strong>accessus</strong></span> <span class='ocrx_word' id='word_1_23' title='bbox 1112 858 1179 924; x_wconf 91' lang='lat' dir='ltr'>in</span> <span class='ocrx_word' id='word_1_24' title='bbox 1222 860 1507 927; x_wconf 87' lang='lat' dir='ltr'>strictum</span> <span class='ocrx_word' id='word_1_25' title='bbox 1554 862 1767 927; x_wconf 85' lang='lat' dir='ltr'>classis</span> <span class='ocrx_word' id='word_1_26' title='bbox 1809 862 2104 944; x_wconf 76' lang='lat' dir='ltr'>predicte.</span> 
     </span>
    </p>
   </div>
   <div class='ocr_carea' id='block_1_4' title="bbox 788 970 3128 3136">
    <p class='ocr_par' dir='ltr' id='par_1_4' title="bbox 788 970 3128 2987">
     <span class='ocr_line' id='line_1_6' title="bbox 991 970 3109 1066; baseline -0.003 -23"><span class='ocrx_word' id='word_1_27' title='bbox 991 976 1174 1044; x_wconf 84' lang='lat' dir='ltr'>Circa</span> <span class='ocrx_word' id='word_1_28' title='bbox 1209 985 1449 1062; x_wconf 82' lang='lat' dir='ltr'>partem</span> <span class='ocrx_word' id='word_1_29' title='bbox 1494 986 1702 1048; x_wconf 87' lang='lat' dir='ltr'>autem</span> <span class='ocrx_word' id='word_1_30' title='bbox 1763 1002 1875 1065; x_wconf 90' lang='lat' dir='ltr'>per</span> <span class='ocrx_word' id='word_1_31' title='bbox 1927 1002 2114 1066; x_wconf 90' lang='lat' dir='ltr'>quam</span> <span class='ocrx_word' id='word_1_32' title='bbox 2156 981 2386 1048; x_wconf 87' lang='lat' dir='ltr'>Vestra</span> <span class='ocrx_word' id='word_1_33' title='bbox 2427 974 2962 1047; x_wconf 73' lang='lat' dir='ltr'>Reverendissime</span> <span class='ocrx_word' id='word_1_34' title='bbox 2999 970 3109 1037; x_wconf 89' lang='lat' dir='ltr'>do·</span> 
     </span>
     <span class='ocr_line' id='line_1_7' title="bbox 790 1074 3107 1167; baseline -0.003 -24"><span class='ocrx_word' id='word_1_35' title='bbox 790 1080 1050 1145; x_wconf 90' lang='lat' dir='ltr'>minatio</span> <span class='ocrx_word' id='word_1_36' title='bbox 1093 1099 1205 1147; x_wconf 89' lang='lat' dir='ltr'>nos</span> <span class='ocrx_word' id='word_1_37' title='bbox 1250 1082 1540 1150; x_wconf 82' lang='lat' dir='ltr'><strong>hortatur</strong></span> <span class='ocrx_word' id='word_1_38' title='bbox 1574 1091 1648 1149; x_wconf 91' lang='lat' dir='ltr'>ut</span> <span class='ocrx_word' id='word_1_39' title='bbox 1690 1084 1968 1151; x_wconf 87' lang='lat' dir='ltr'>Romano</span> <span class='ocrx_word' id='word_1_40' title='bbox 2014 1084 2298 1151; x_wconf 89' lang='lat' dir='ltr'>Pontifici</span> <span class='ocrx_word' id='word_1_41' title='bbox 2360 1088 2704 1167; x_wconf 87' lang='lat' dir='ltr'>opportune</span> <span class='ocrx_word' id='word_1_42' title='bbox 2747 1074 3107 1153; x_wconf 78' lang='lat' dir='ltr'>scribamus,</span> 
     </span>
     <span class='ocr_line' id='line_1_8' title="bbox 788 1178 3110 1270; baseline -0.003 -23"><span class='ocrx_word' id='word_1_43' title='bbox 788 1186 863 1247; x_wconf 91' lang='lat' dir='ltr'>ut</span> <span class='ocrx_word' id='word_1_44' title='bbox 900 1183 1073 1248; x_wconf 85' lang='lat' dir='ltr'>vobis</span> <span class='ocrx_word' id='word_1_45' title='bbox 1115 1186 1514 1267; x_wconf 88' lang='lat' dir='ltr'>provideatur</span> <span class='ocrx_word' id='word_1_46' title='bbox 1560 1194 1675 1254; x_wconf 85' lang='lat' dir='ltr'>etc.</span> <span class='ocrx_word' id='word_1_47' title='bbox 1722 1188 2188 1270; x_wconf 87' lang='lat' dir='ltr'>Respondemus</span> <span class='ocrx_word' id='word_1_48' title='bbox 2230 1187 2395 1270; x_wconf 89' lang='lat' dir='ltr'>quod</span> <span class='ocrx_word' id='word_1_49' title='bbox 2439 1188 2693 1267; x_wconf 88' lang='lat' dir='ltr'>propter</span> <span class='ocrx_word' id='word_1_50' title='bbox 2735 1178 3110 1262; x_wconf 78' lang='lat' dir='ltr'>singularem</span> 
     </span>
     <span class='ocr_line' id='line_1_9' title="bbox 790 1284 3111 1372; baseline -0.003 -22"><span class='ocrx_word' id='word_1_51' title='bbox 790 1284 1177 1352; x_wconf 85' lang='lat' dir='ltr'>affectionem</span> <span class='ocrx_word' id='word_1_52' title='bbox 1217 1294 1495 1354; x_wconf 88' lang='lat' dir='ltr'>nostram</span> <span class='ocrx_word' id='word_1_53' title='bbox 1539 1291 1620 1355; x_wconf 92' lang='lat' dir='ltr'>ad</span> <span class='ocrx_word' id='word_1_54' title='bbox 1652 1290 2248 1356; x_wconf 87' lang='lat' dir='ltr'>Reverendissimam</span> <span class='ocrx_word' id='word_1_55' title='bbox 2279 1304 2604 1372; x_wconf 76' lang='lat' dir='ltr'>personam</span> <span class='ocrx_word' id='word_1_56' title='bbox 2635 1288 2925 1360; x_wconf 64' lang='lat' dir='ltr'>vestran,</span> <span class='ocrx_word' id='word_1_57' title='bbox 2969 1294 3111 1361; x_wconf 90' lang='lat' dir='ltr'>pro·</span> 
     </span>
     <span class='ocr_line' id='line_1_10' title="bbox 791 1380 3114 1475; baseline -0 -23"><span class='ocrx_word' id='word_1_58' title='bbox 791 1386 955 1453; x_wconf 90' lang='lat' dir='ltr'>fecto</span> <span class='ocrx_word' id='word_1_59' title='bbox 1002 1390 1227 1454; x_wconf 86' lang='lat' dir='ltr'>nedum</span> <span class='ocrx_word' id='word_1_60' title='bbox 1270 1390 1539 1457; x_wconf 89' lang='lat' dir='ltr'>scribere</span> <span class='ocrx_word' id='word_1_61' title='bbox 1582 1410 1823 1459; x_wconf 88' lang='lat' dir='ltr'>summo</span> <span class='ocrx_word' id='word_1_62' title='bbox 1866 1392 2164 1475; x_wconf 87' lang='lat' dir='ltr'>pontifici,</span> <span class='ocrx_word' id='word_1_63' title='bbox 2211 1410 2422 1458; x_wconf 87' lang='lat' dir='ltr'>verum</span> <span class='ocrx_word' id='word_1_64' title='bbox 2468 1390 2658 1455; x_wconf 89' lang='lat' dir='ltr'>etiam</span> <span class='ocrx_word' id='word_1_65' title='bbox 2704 1380 3114 1468; x_wconf 77' lang='lat' dir='ltr'>personaliter</span> 
     </span>
     <span class='ocr_line' id='line_1_11' title="bbox 796 1481 3114 1585; baseline -0.002 -31"><span class='ocrx_word' id='word_1_66' title='bbox 796 1489 889 1555; x_wconf 92' lang='lat' dir='ltr'>ire</span> <span class='ocrx_word' id='word_1_67' title='bbox 949 1490 1247 1558; x_wconf 86' lang='lat' dir='ltr'>vellemus</span> <span class='ocrx_word' id='word_1_68' title='bbox 1292 1498 1365 1557; x_wconf 92' lang='lat' dir='ltr'>ut</span> <span class='ocrx_word' id='word_1_69' title='bbox 1406 1494 1902 1562; x_wconf 83' lang='lat' dir='ltr'>satisfaceremus</span> <span class='ocrx_word' id='word_1_70' title='bbox 1953 1496 2214 1562; x_wconf 88' lang='lat' dir='ltr'>honeste</span> <span class='ocrx_word' id='word_1_71' title='bbox 2262 1492 2653 1585; x_wconf 84' lang='lat' dir='ltr'>requisitioni</span> <span class='ocrx_word' id='word_1_72' title='bbox 2695 1492 2918 1555; x_wconf 86' lang='lat' dir='ltr'>vestre.</span> <span class='ocrx_word' id='word_1_73' title='bbox 2993 1481 3114 1549; x_wconf 87' lang='lat' dir='ltr'>Sed</span> 
     </span>
     <span class='ocr_line' id='line_1_12' title="bbox 798 1590 3116 1675; baseline -0.003 -18"><span class='ocrx_word' id='word_1_74' title='bbox 798 1592 1150 1659; x_wconf 89' lang='lat' dir='ltr'>advisamus</span> <span class='ocrx_word' id='word_1_75' title='bbox 1213 1594 1805 1663; x_wconf 87' lang='lat' dir='ltr'>Reverendissimam</span> <span class='ocrx_word' id='word_1_76' title='bbox 1869 1599 2318 1665; x_wconf 85' lang='lat' dir='ltr'>Paternitatem</span> <span class='ocrx_word' id='word_1_77' title='bbox 2377 1604 2648 1662; x_wconf 79' lang='lat' dir='ltr'>vestram</span> <span class='ocrx_word' id='word_1_78' title='bbox 2709 1590 2876 1675; x_wconf 90' lang='lat' dir='ltr'>quod</span> <span class='ocrx_word' id='word_1_79' title='bbox 2932 1602 3116 1669; x_wconf 88' lang='lat' dir='ltr'>super</span> 
     </span>
     <span class='ocr_line' id='line_1_13' title="bbox 801 1688 3116 1785; baseline -0.003 -26"><span class='ocrx_word' id='word_1_80' title='bbox 801 1695 920 1759; x_wconf 90' lang='lat' dir='ltr'>hac</span> <span class='ocrx_word' id='word_1_81' title='bbox 960 1712 1031 1760; x_wconf 88' lang='lat' dir='ltr'>re</span> <span class='ocrx_word' id='word_1_82' title='bbox 1064 1714 1250 1777; x_wconf 90' lang='lat' dir='ltr'>quam</span> <span class='ocrx_word' id='word_1_83' title='bbox 1284 1700 1548 1780; x_wconf 85' lang='lat' dir='ltr'>primum</span> <span class='ocrx_word' id='word_1_84' title='bbox 1595 1707 1942 1785; x_wconf 86' lang='lat' dir='ltr'>opportune</span> <span class='ocrx_word' id='word_1_85' title='bbox 1983 1702 2353 1768; x_wconf 87' lang='lat' dir='ltr'>contulimus</span> <span class='ocrx_word' id='word_1_86' title='bbox 2401 1717 2540 1765; x_wconf 91' lang='lat' dir='ltr'>cum</span> <span class='ocrx_word' id='word_1_87' title='bbox 2587 1688 3116 1762; x_wconf 87' lang='lat' dir='ltr'>Reverendissimo</span> 
     </span>
     <span class='ocr_line' id='line_1_14' title="bbox 798 1789 3117 1884; baseline -0.002 -24"><span class='ocrx_word' id='word_1_88' title='bbox 798 1796 1048 1862; x_wconf 89' lang='lat' dir='ltr'>domino</span> <span class='ocrx_word' id='word_1_89' title='bbox 1077 1798 1378 1866; x_wconf 80' lang='lat' dir='ltr'>cardinali</span> <span class='ocrx_word' id='word_1_90' title='bbox 1414 1800 1916 1871; x_wconf 86' lang='lat' dir='ltr'>vicecancellario</span> <span class='ocrx_word' id='word_1_91' title='bbox 1955 1804 2055 1871; x_wconf 92' lang='lat' dir='ltr'>hic</span> <span class='ocrx_word' id='word_1_92' title='bbox 2085 1805 2392 1871; x_wconf 84' lang='lat' dir='ltr'>existente</span> <span class='ocrx_word' id='word_1_93' title='bbox 2420 1802 2528 1884; x_wconf 89' lang='lat' dir='ltr'>qui</span> <span class='ocrx_word' id='word_1_94' title='bbox 2558 1798 2735 1865; x_wconf 89' lang='lat' dir='ltr'>nobis</span> <span class='ocrx_word' id='word_1_95' title='bbox 2761 1794 2924 1862; x_wconf 84' lang='lat' dir='ltr'>dixit</span> <span class='ocrx_word' id='word_1_96' title='bbox 2953 1789 3117 1875; x_wconf 90' lang='lat' dir='ltr'>quod</span> 
     </span>
     <span class='ocr_line' id='line_1_15' title="bbox 794 1892 3118 1987; baseline -0.003 -24"><span class='ocrx_word' id='word_1_97' title='bbox 794 1898 920 1963; x_wconf 85' lang='lat' dir='ltr'>iam</span> <span class='ocrx_word' id='word_1_98' title='bbox 965 1899 1177 1967; x_wconf 88' lang='lat' dir='ltr'>multis</span> <span class='ocrx_word' id='word_1_99' title='bbox 1218 1902 1436 1969; x_wconf 90' lang='lat' dir='ltr'>diebus</span> <span class='ocrx_word' id='word_1_100' title='bbox 1477 1904 1622 1971; x_wconf 88' lang='lat' dir='ltr'>hinc</span> <span class='ocrx_word' id='word_1_101' title='bbox 1667 1907 2067 1987; x_wconf 86' lang='lat' dir='ltr'>expediverat</span> <span class='ocrx_word' id='word_1_102' title='bbox 2115 1907 2196 1973; x_wconf 88' lang='lat' dir='ltr'>ad</span> <span class='ocrx_word' id='word_1_103' title='bbox 2246 1904 2564 1971; x_wconf 90' lang='lat' dir='ltr'>Summum</span> <span class='ocrx_word' id='word_1_104' title='bbox 2608 1897 2968 1967; x_wconf 81' lang='lat' dir='ltr'>Pontificem</span> <span class='ocrx_word' id='word_1_105' title='bbox 3009 1892 3118 1959; x_wconf 93' lang='lat' dir='ltr'>do-</span> 
     </span>
     <span class='ocr_line' id='line_1_16' title="bbox 795 1999 3118 2092; baseline 0.001 -28"><span class='ocrx_word' id='word_1_106' title='bbox 795 2000 1032 2065; x_wconf 91' lang='lat' dir='ltr'>minum</span> <span class='ocrx_word' id='word_1_107' title='bbox 1072 1999 1447 2086; x_wconf 89' lang='lat' dir='ltr'>Episcopum</span> <span class='ocrx_word' id='word_1_108' title='bbox 1491 2024 1886 2075; x_wconf 88' lang='lat' dir='ltr'>coronensem</span> <span class='ocrx_word' id='word_1_109' title='bbox 1930 2014 2184 2092; x_wconf 89' lang='lat' dir='ltr'>propter</span> <span class='ocrx_word' id='word_1_110' title='bbox 2211 2008 2371 2079; x_wconf 85' lang='lat' dir='ltr'>hauc</span> <span class='ocrx_word' id='word_1_111' title='bbox 2399 2011 2464 2073; x_wconf 91' lang='lat' dir='ltr'>et</span> <span class='ocrx_word' id='word_1_112' title='bbox 2497 2006 2654 2071; x_wconf 84' lang='lat' dir='ltr'>alias</span> <span class='ocrx_word' id='word_1_113' title='bbox 2684 2018 2905 2069; x_wconf 83' lang='lat' dir='ltr'>causas</span> <span class='ocrx_word' id='word_1_114' title='bbox 2934 2012 3118 2081; x_wconf 79' lang='lat' dir='ltr'>quem</span> 
     </span>
     <span class='ocr_line' id='line_1_17' title="bbox 797 2101 3118 2193; baseline 0.004 -27"><span class='ocrx_word' id='word_1_115' title='bbox 797 2101 899 2168; x_wconf 92' lang='lat' dir='ltr'>die</span> <span class='ocrx_word' id='word_1_116' title='bbox 937 2103 1244 2171; x_wconf 91' lang='lat' dir='ltr'>dominico</span> <span class='ocrx_word' id='word_1_117' title='bbox 1301 2108 1578 2188; x_wconf 91' lang='lat' dir='ltr'>proximo</span> <span class='ocrx_word' id='word_1_118' title='bbox 1631 2110 1809 2175; x_wconf 91' lang='lat' dir='ltr'><strong>XVII</strong></span> <span class='ocrx_word' id='word_1_119' title='bbox 1859 2110 2166 2193; x_wconf 85' lang='lat' dir='ltr'>presentis</span> <span class='ocrx_word' id='word_1_120' title='bbox 2208 2107 2624 2176; x_wconf 88' lang='lat' dir='ltr'>verisimiliter</span> <span class='ocrx_word' id='word_1_121' title='bbox 2665 2103 2768 2169; x_wconf 92' lang='lat' dir='ltr'>hic</span> <span class='ocrx_word' id='word_1_122' title='bbox 2811 2101 3118 2182; x_wconf 70' lang='lat' dir='ltr'>expectat,</span> 
     </span>
     <span class='ocr_line' id='line_1_18' title="bbox 796 2205 3122 2295; baseline -0.003 -27"><span class='ocrx_word' id='word_1_123' title='bbox 796 2209 1132 2287; x_wconf 87' lang='lat' dir='ltr'>speratque</span> <span class='ocrx_word' id='word_1_124' title='bbox 1177 2207 1429 2275; x_wconf 89' lang='lat' dir='ltr'>indubie</span> <span class='ocrx_word' id='word_1_125' title='bbox 1472 2230 1581 2293; x_wconf 90' lang='lat' dir='ltr'>per</span> <span class='ocrx_word' id='word_1_126' title='bbox 1624 2212 1758 2279; x_wconf 89' lang='lat' dir='ltr'>eius</span> <span class='ocrx_word' id='word_1_127' title='bbox 1802 2214 2137 2279; x_wconf 88' lang='lat' dir='ltr'>adventum</span> <span class='ocrx_word' id='word_1_128' title='bbox 2180 2211 2524 2295; x_wconf 89' lang='lat' dir='ltr'>intelligere</span> <span class='ocrx_word' id='word_1_129' title='bbox 2567 2205 2946 2275; x_wconf 84' lang='lat' dir='ltr'>sufficienter</span> <span class='ocrx_word' id='word_1_130' title='bbox 2985 2215 3122 2265; x_wconf 86' lang='lat' dir='ltr'>esse</span> 
     </span>
     <span class='ocr_line' id='line_1_19' title="bbox 798 2302 3122 2388; baseline -0.002 -18"><span class='ocrx_word' id='word_1_131' title='bbox 798 2307 1115 2388; x_wconf 85' lang='lat' dir='ltr'>provisum</span> <span class='ocrx_word' id='word_1_132' title='bbox 1158 2308 1692 2381; x_wconf 89' lang='lat' dir='ltr'>Reverendissime</span> <span class='ocrx_word' id='word_1_133' title='bbox 1734 2316 2110 2383; x_wconf 87' lang='lat' dir='ltr'>Paternitati</span> <span class='ocrx_word' id='word_1_134' title='bbox 2136 2320 2358 2383; x_wconf 86' lang='lat' dir='ltr'>vestre.</span> <span class='ocrx_word' id='word_1_135' title='bbox 2420 2308 2906 2379; x_wconf 87' lang='lat' dir='ltr'>Prestolabimur</span> <span class='ocrx_word' id='word_1_136' title='bbox 2933 2302 3122 2385; x_wconf 82' lang='lat' dir='ltr'>igitur</span> 
     </span>
     <span class='ocr_line' id='line_1_20' title="bbox 802 2408 3121 2503; baseline 0.004 -30"><span class='ocrx_word' id='word_1_137' title='bbox 802 2408 937 2474; x_wconf 90' lang='lat' dir='ltr'>eius</span> <span class='ocrx_word' id='word_1_138' title='bbox 978 2410 1312 2478; x_wconf 87' lang='lat' dir='ltr'>adventum</span> <span class='ocrx_word' id='word_1_139' title='bbox 1350 2418 1421 2479; x_wconf 90' lang='lat' dir='ltr'>ut</span> <span class='ocrx_word' id='word_1_140' title='bbox 1463 2415 1902 2501; x_wconf 54' lang='lat' dir='ltr'>intelligamus</span> <span class='ocrx_word' id='word_1_141' title='bbox 1949 2420 2098 2503; x_wconf 90' lang='lat' dir='ltr'>quid</span> <span class='ocrx_word' id='word_1_142' title='bbox 2141 2426 2350 2485; x_wconf 87' lang='lat' dir='ltr'>actum</span> <span class='ocrx_word' id='word_1_143' title='bbox 2393 2416 2517 2482; x_wconf 90' lang='lat' dir='ltr'>erit</span> <span class='ocrx_word' id='word_1_144' title='bbox 2554 2410 2966 2479; x_wconf 88' lang='lat' dir='ltr'>certificantes</span> <span class='ocrx_word' id='word_1_145' title='bbox 2991 2418 3121 2481; x_wconf 62' lang='lat' dir='ltr'>vos,</span> 
     </span>
     <span class='ocr_line' id='line_1_21' title="bbox 800 2504 3115 2603; baseline -0.003 -28"><span class='ocrx_word' id='word_1_146' title='bbox 800 2510 965 2591; x_wconf 92' lang='lat' dir='ltr'>quod</span> <span class='ocrx_word' id='word_1_147' title='bbox 1007 2529 1083 2577; x_wconf 82' lang='lat' dir='ltr'>ex</span> <span class='ocrx_word' id='word_1_148' title='bbox 1118 2511 1315 2580; x_wconf 87' lang='lat' dir='ltr'>latere</span> <span class='ocrx_word' id='word_1_149' title='bbox 1356 2522 1573 2584; x_wconf 88' lang='lat' dir='ltr'>nostro</span> <span class='ocrx_word' id='word_1_150' title='bbox 1630 2519 1838 2585; x_wconf 88' lang='lat' dir='ltr'>omnia</span> <span class='ocrx_word' id='word_1_151' title='bbox 1888 2520 2202 2602; x_wconf 87' lang='lat' dir='ltr'>faciemus,</span> <span class='ocrx_word' id='word_1_152' title='bbox 2263 2537 2384 2603; x_wconf 86' lang='lat' dir='ltr'>que</span> <span class='ocrx_word' id='word_1_153' title='bbox 2419 2511 2952 2583; x_wconf 87' lang='lat' dir='ltr'>Reverendissime</span> <span class='ocrx_word' id='word_1_154' title='bbox 2995 2504 3115 2569; x_wconf 86' lang='lat' dir='ltr'>Pa·</span> 
     </span>
     <span class='ocr_line' id='line_1_22' title="bbox 804 2612 3126 2705; baseline -0.003 -28"><span class='ocrx_word' id='word_1_155' title='bbox 804 2613 1089 2680; x_wconf 88' lang='lat' dir='ltr'>ternitati</span> <span class='ocrx_word' id='word_1_156' title='bbox 1132 2621 1337 2684; x_wconf 87' lang='lat' dir='ltr'>vestre</span> <span class='ocrx_word' id='word_1_157' title='bbox 1378 2627 1561 2702; x_wconf 82' lang='lat' dir='ltr'>grata</span> <span class='ocrx_word' id='word_1_158' title='bbox 1604 2627 1669 2688; x_wconf 91' lang='lat' dir='ltr'>et</span> <span class='ocrx_word' id='word_1_159' title='bbox 1712 2625 2034 2692; x_wconf 88' lang='lat' dir='ltr'>commoda</span> <span class='ocrx_word' id='word_1_160' title='bbox 2079 2641 2214 2690; x_wconf 85' lang='lat' dir='ltr'>esse</span> <span class='ocrx_word' id='word_1_161' title='bbox 2254 2621 2510 2705; x_wconf 88' lang='lat' dir='ltr'>possint.</span> <span class='ocrx_word' id='word_1_162' title='bbox 2586 2612 2835 2682; x_wconf 88' lang='lat' dir='ltr'>Auditis</span> <span class='ocrx_word' id='word_1_163' title='bbox 2877 2613 3126 2677; x_wconf 91' lang='lat' dir='ltr'>demum</span> 
     </span>
     <span class='ocr_line' id='line_1_23' title="bbox 805 2713 3128 2793; baseline -0.002 -15"><span class='ocrx_word' id='word_1_164' title='bbox 805 2716 1201 2785; x_wconf 88' lang='lat' dir='ltr'>suasionibus</span> <span class='ocrx_word' id='word_1_165' title='bbox 1261 2723 1485 2788; x_wconf 87' lang='lat' dir='ltr'>vestris</span> <span class='ocrx_word' id='word_1_166' title='bbox 1539 2730 1612 2789; x_wconf 90' lang='lat' dir='ltr'>ut</span> <span class='ocrx_word' id='word_1_167' title='bbox 1669 2727 1910 2793; x_wconf 89' lang='lat' dir='ltr'>scilicet</span> <span class='ocrx_word' id='word_1_168' title='bbox 1969 2726 2339 2793; x_wconf 87' lang='lat' dir='ltr'>secretarius</span> <span class='ocrx_word' id='word_1_169' title='bbox 2402 2725 2616 2790; x_wconf 87' lang='lat' dir='ltr'>noster</span> <span class='ocrx_word' id='word_1_170' title='bbox 2679 2716 2808 2782; x_wconf 86' lang='lat' dir='ltr'>illic</span> <span class='ocrx_word' id='word_1_171' title='bbox 2857 2713 3128 2780; x_wconf 87' lang='lat' dir='ltr'>existens</span> 
     </span>
     <span class='ocr_line' id='line_1_24' title="bbox 801 2812 3128 2907; baseline 0.001 -25"><span class='ocrx_word' id='word_1_172' title='bbox 801 2835 941 2882; x_wconf 90' lang='lat' dir='ltr'>cum</span> <span class='ocrx_word' id='word_1_173' title='bbox 1002 2821 1277 2888; x_wconf 86' lang='lat' dir='ltr'>exercitu</span> <span class='ocrx_word' id='word_1_174' title='bbox 1334 2825 1616 2907; x_wconf 90' lang='lat' dir='ltr'>predicto</span> <span class='ocrx_word' id='word_1_175' title='bbox 1674 2846 1741 2893; x_wconf 90' lang='lat' dir='ltr'>se</span> <span class='ocrx_word' id='word_1_176' title='bbox 1797 2827 2076 2896; x_wconf 87' lang='lat' dir='ltr'>conferat</span> <span class='ocrx_word' id='word_1_177' title='bbox 2132 2827 2424 2894; x_wconf 82' lang='lat' dir='ltr'>iussimus</span> <span class='ocrx_word' id='word_1_178' title='bbox 2467 2822 2527 2890; x_wconf 90' lang='lat' dir='ltr'>ei</span> <span class='ocrx_word' id='word_1_179' title='bbox 2585 2820 2749 2903; x_wconf 91' lang='lat' dir='ltr'>quod</span> <span class='ocrx_word' id='word_1_180' title='bbox 2792 2817 2886 2883; x_wconf 87' lang='lat' dir='ltr'>ita</span> <span class='ocrx_word' id='word_1_181' title='bbox 2926 2812 3128 2879; x_wconf 77' lang='lat' dir='ltr'>facere</span> 
     </span>
     <span class='ocr_line' id='line_1_25' title="bbox 799 2917 1040 2987; baseline 0.012 -4"><span class='ocrx_word' id='word_1_182' title='bbox 799 2917 1040 2987; x_wconf 90' lang='lat' dir='ltr'>debeat.</span> 
     </span>
    </p>

    <p class='ocr_par' dir='ltr' id='par_1_5' title="bbox 1106 3034 2297 3136">
     <span class='ocr_line' id='line_1_26' title="bbox 1106 3034 2297 3136; baseline 0.001 -37"><span class='ocrx_word' id='word_1_183' title='bbox 1106 3034 1201 3100; x_wconf 91' lang='lat' dir='ltr'>De</span> <span class='ocrx_word' id='word_1_184' title='bbox 1242 3040 1423 3117; x_wconf 87' lang='lat' dir='ltr'>parte</span> <span class='ocrx_word' id='word_1_185' title='bbox 1471 3039 1609 3102; x_wconf 79' lang='lat'>129.</span> <span class='ocrx_word' id='word_1_186' title='bbox 1684 3036 1794 3136; x_wconf 29' lang='lat' dir='ltr'>‘De</span> <span class='ocrx_word' id='word_1_187' title='bbox 1835 3054 1963 3102; x_wconf 87' lang='lat' dir='ltr'>non</span> <span class='ocrx_word' id='word_1_188' title='bbox 2003 3039 2065 3102; x_wconf 79' lang='lat'>4.</span> <span class='ocrx_word' id='word_1_189' title='bbox 2109 3072 2195 3082; x_wconf 93' lang='lat'>—</span> <span class='ocrx_word' id='word_1_190' title='bbox 2237 3039 2297 3100; x_wconf 86' lang='lat'>0.</span> 
     </span>
    </p>
   </div>
   <div class='ocr_carea' id='block_1_5' title="bbox 923 3169 1934 3328">
    <p class='ocr_par' dir='ltr' id='par_1_6' title="bbox 923 3169 1934 3328">
     <span class='ocr_line' id='line_1_27' title="bbox 974 3169 1882 3241; baseline -0.001 -15"><span class='ocrx_word' id='word_1_191' title='bbox 974 3170 1237 3241; x_wconf 72' lang='lat' dir='ltr'>(Arclet&#39;vt‘o</span> <span class='ocrx_word' id='word_1_192' title='bbox 1276 3170 1335 3224; x_wconf 75' lang='lat' dir='ltr'>di</span> <span class='ocrx_word' id='word_1_193' title='bbox 1364 3169 1518 3226; x_wconf 75' lang='lat' dir='ltr'>State</span> <span class='ocrx_word' id='word_1_194' title='bbox 1552 3173 1607 3226; x_wconf 72' lang='lat' dir='ltr'>in</span> <span class='ocrx_word' id='word_1_195' title='bbox 1642 3171 1882 3234; x_wconf 68' lang='lat' dir='ltr'>Venetia,</span> 
     </span>
     <span class='ocr_line' id='line_1_28' title="bbox 923 3255 1934 3328; baseline 0 -16"><span class='ocrx_word' id='word_1_196' title='bbox 923 3255 1143 3312; x_wconf 84' lang='lat' dir='ltr'>Senato</span> <span class='ocrx_word' id='word_1_197' title='bbox 1193 3255 1434 3328; x_wconf 77' lang='lat' dir='ltr'>Sem-eti,</span> <span class='ocrx_word' id='word_1_198' title='bbox 1478 3273 1601 3328; x_wconf 87' lang='lat' dir='ltr'>reg.</span> <span class='ocrx_word' id='word_1_199' title='bbox 1640 3258 1706 3312; x_wconf 90' lang='lat'>16</span> <span class='ocrx_word' id='word_1_200' title='bbox 1742 3274 1788 3312; x_wconf 81' lang='lat' dir='ltr'>o.</span> <span class='ocrx_word' id='word_1_201' title='bbox 1823 3256 1934 3328; x_wconf 88' lang='grc'>91.)</span> 
     </span>
    </p>
   </div>
   <div class='ocr_carea' id='block_1_6' title="bbox 1718 3409 2224 3428">
    <p class='ocr_par' dir='ltr' id='par_1_7' title="bbox 1718 3409 2224 3428">
     <span class='ocr_line' id='line_1_29' title="bbox 1718 3409 2224 3428; baseline 0 1759"><span class='ocrx_word' id='word_1_202' title='bbox 1718 3409 2224 3428; x_wconf 95' lang='lat' dir='ltr'> </span> 
     </span>
    </p>
   </div>
   <div class='ocr_carea' id='block_1_7' title="bbox 1492 3529 2460 3738">
    <p class='ocr_par' dir='ltr' id='par_1_8' title="bbox 1492 3529 2460 3738">
     <span class='ocr_line' id='line_1_30' title="bbox 1858 3529 2104 3606; baseline -0.004 0"><span class='ocrx_word' id='word_1_203' title='bbox 1858 3529 2104 3606; x_wconf 76' lang='lat' dir='ltr'>XLV.</span> 
     </span>
     <span class='ocr_line' id='line_1_31' title="bbox 1492 3668 2460 3738; baseline 0.002 -4"><span class='ocrx_word' id='word_1_204' title='bbox 1492 3668 1922 3738; x_wconf 77' lang='lat' dir='ltr'>mccccxum.</span> <span class='ocrx_word' id='word_1_205' title='bbox 1969 3669 2065 3738; x_wconf 72' lang='lat' dir='ltr'>dio</span> <span class='ocrx_word' id='word_1_206' title='bbox 2108 3670 2262 3737; x_wconf 81' lang='lat' dir='ltr'>XXV.</span> <span class='ocrx_word' id='word_1_207' title='bbox 2308 3668 2460 3738; x_wconf 67' lang='lat' dir='ltr'>mali.</span> 
     </span>
    </p>
   </div>
   <div class='ocr_carea' id='block_1_8' title="bbox 813 3831 3145 4422">
    <p class='ocr_par' dir='ltr' id='par_1_9' title="bbox 813 3831 3145 4422">
     <span class='ocr_line' id='line_1_32' title="bbox 1016 3831 3138 3920; baseline -0.001 -18"><span class='ocrx_word' id='word_1_208' title='bbox 1016 3836 1173 3902; x_wconf 86' lang='lat' dir='ltr'>Cum</span> <span class='ocrx_word' id='word_1_209' title='bbox 1213 3837 1525 3919; x_wconf 85' lang='lat' dir='ltr'>expeditio</span> <span class='ocrx_word' id='word_1_210' title='bbox 1567 3836 1884 3920; x_wconf 84' lang='lat' dir='ltr'>galearum</span> <span class='ocrx_word' id='word_1_211' title='bbox 1927 3843 2310 3904; x_wconf 86' lang='lat' dir='ltr'>armatarum</span> <span class='ocrx_word' id='word_1_212' title='bbox 2358 3857 2470 3920; x_wconf 88' lang='lat' dir='ltr'>per</span> <span class='ocrx_word' id='word_1_213' title='bbox 2519 3837 2840 3904; x_wconf 87' lang='lat' dir='ltr'>Summum</span> <span class='ocrx_word' id='word_1_214' title='bbox 2883 3831 3138 3901; x_wconf 90' lang='lat' dir='ltr'>Pontifi-</span> 
     </span>
     <span class='ocr_line' id='line_1_33' title="bbox 813 3937 3138 4021; baseline -0.002 -17"><span class='ocrx_word' id='word_1_215' title='bbox 813 3957 944 4004; x_wconf 89' lang='lat' dir='ltr'>cem</span> <span class='ocrx_word' id='word_1_216' title='bbox 987 3938 1254 4004; x_wconf 88' lang='lat' dir='ltr'>ducatur</span> <span class='ocrx_word' id='word_1_217' title='bbox 1312 3938 1378 4004; x_wconf 91' lang='lat' dir='ltr'>in</span> <span class='ocrx_word' id='word_1_218' title='bbox 1442 3937 1710 4020; x_wconf 85' lang='lat' dir='ltr'>longum,</span> <span class='ocrx_word' id='word_1_219' title='bbox 1773 3944 1839 4005; x_wconf 91' lang='lat' dir='ltr'>et</span> <span class='ocrx_word' id='word_1_220' title='bbox 1888 3939 1991 4021; x_wconf 79' lang='lat' dir='ltr'>sit,</span> <span class='ocrx_word' id='word_1_221' title='bbox 2029 3939 2108 4006; x_wconf 88' lang='lat' dir='ltr'>ob</span> <span class='ocrx_word' id='word_1_222' title='bbox 2147 3940 2265 4006; x_wconf 91' lang='lat' dir='ltr'>Dei</span> <span class='ocrx_word' id='word_1_223' title='bbox 2308 3940 2736 4020; x_wconf 86' lang='lat' dir='ltr'>reverentiam,</span> <span class='ocrx_word' id='word_1_224' title='bbox 2800 3944 2866 4004; x_wconf 90' lang='lat' dir='ltr'>et</span> <span class='ocrx_word' id='word_1_225' title='bbox 2908 3937 3138 4002; x_wconf 90' lang='lat' dir='ltr'>bonum</span> 
     </span>
     <span class='ocr_line' id='line_1_34' title="bbox 816 4041 3140 4125; baseline 0 -18"><span class='ocrx_word' id='word_1_226' title='bbox 816 4059 890 4107; x_wconf 89' lang='lat' dir='ltr'>ac</span> <span class='ocrx_word' id='word_1_227' title='bbox 922 4041 1237 4108; x_wconf 90' lang='lat' dir='ltr'>comodum</span> <span class='ocrx_word' id='word_1_228' title='bbox 1284 4042 1620 4109; x_wconf 87' lang='lat' dir='ltr'>christiane</span> <span class='ocrx_word' id='word_1_229' title='bbox 1656 4043 1994 4125; x_wconf 75' lang='lat' dir='ltr'>religioniS,</span> <span class='ocrx_word' id='word_1_230' title='bbox 2039 4049 2104 4108; x_wconf 88' lang='lat' dir='ltr'>et</span> <span class='ocrx_word' id='word_1_231' title='bbox 2144 4042 2438 4108; x_wconf 86' lang='lat' dir='ltr'>honorem</span> <span class='ocrx_word' id='word_1_232' title='bbox 2483 4043 2680 4108; x_wconf 88' lang='lat' dir='ltr'>nostri</span> <span class='ocrx_word' id='word_1_233' title='bbox 2714 4043 2969 4108; x_wconf 90' lang='lat' dir='ltr'>dominii</span> <span class='ocrx_word' id='word_1_234' title='bbox 2998 4061 3140 4124; x_wconf 91' lang='lat' dir='ltr'>pro-</span> 
     </span>
     <span class='ocr_line' id='line_1_35' title="bbox 816 4145 3144 4229; baseline -0 -18"><span class='ocrx_word' id='word_1_235' title='bbox 816 4148 1167 4228; x_wconf 86' lang='lat' dir='ltr'>videndum,</span> <span class='ocrx_word' id='word_1_236' title='bbox 1215 4147 1414 4212; x_wconf 89' lang='lat' dir='ltr'>Vadit</span> <span class='ocrx_word' id='word_1_237' title='bbox 1458 4163 1626 4229; x_wconf 69' lang='lat' dir='ltr'>pam,</span> <span class='ocrx_word' id='word_1_238' title='bbox 1689 4145 1853 4228; x_wconf 89' lang='lat' dir='ltr'>quod</span> <span class='ocrx_word' id='word_1_239' title='bbox 1912 4146 2078 4211; x_wconf 91' lang='lat' dir='ltr'>illico</span> <span class='ocrx_word' id='word_1_240' title='bbox 2123 4145 2413 4211; x_wconf 82' lang='lat' dir='ltr'>mittatur</span> <span class='ocrx_word' id='word_1_241' title='bbox 2456 4164 2567 4228; x_wconf 91' lang='lat' dir='ltr'>pro</span> <span class='ocrx_word' id='word_1_242' title='bbox 2611 4145 3144 4212; x_wconf 82' lang='lat' dir='ltr'>Reverendissimo</span> 
     </span>
     <span class='ocr_line' id='line_1_36' title="bbox 815 4247 3145 4331; baseline -0.002 -13"><span class='ocrx_word' id='word_1_243' title='bbox 815 4250 1067 4318; x_wconf 91' lang='lat' dir='ltr'>domino</span> <span class='ocrx_word' id='word_1_244' title='bbox 1114 4249 1446 4317; x_wconf 87' lang='lat' dir='ltr'>Cardinale</span> <span class='ocrx_word' id='word_1_245' title='bbox 1487 4249 1729 4315; x_wconf 90' lang='lat' dir='ltr'>Veneto</span> <span class='ocrx_word' id='word_1_246' title='bbox 1782 4248 2277 4320; x_wconf 83' lang='lat' dir='ltr'>vicecancellario</span> <span class='ocrx_word' id='word_1_247' title='bbox 2338 4249 2544 4331; x_wconf 86' lang='lat' dir='ltr'>legato</span> <span class='ocrx_word' id='word_1_248' title='bbox 2589 4249 2965 4330; x_wconf 85' lang='lat' dir='ltr'>Apostolico‚</span> <span class='ocrx_word' id='word_1_249' title='bbox 3027 4247 3145 4314; x_wconf 90' lang='lat' dir='ltr'>Cui</span> 
     </span>
     <span class='ocr_line' id='line_1_37' title="bbox 816 4351 1078 4422; baseline -0.015 -1"><span class='ocrx_word' id='word_1_250' title='bbox 816 4351 1078 4422; x_wconf 83' lang='lat' dir='ltr'>dicatur.</span> 
     </span>
    </p>
   </div>
  </div>
 </body>
</html>
