3793 5187
1830 571 1956 639 152

722 782 979 850 homeni
1021 799 1225 864 vegna
1266 798 1307 845 a
1348 779 1437 846 mi
1478 778 1557 846 de
1605 778 1922 859 continuo,
1967 781 2036 844 et
2061 776 2254 874 dogni
2281 793 2461 843 cossa
2488 793 2704 843 savere
2729 774 2816 842 da
2844 770 3079 848 Catha-

726 887 833 952 rin
880 885 1032 950 Zem
1078 879 1523 948 Ambassador.
1618 879 1791 946 Data
1836 880 1944 946 ala
1999 884 2221 946 nostra
2281 877 2476 946 Porta
2540 877 2646 945 die
2685 877 2890 960 primo
2933 875 3080 942 lune

726 987 962 1054 mensis
1006 985 1278 1070 Augusti
1313 984 1513 1051 VIIIC*
1564 983 1883 1050 LXXVII.
1929 1001 1971 1048 a
2011 983 2409 1050 Machometo
2453 983 2632 1049 citra.

936 1089 1071 1155 Nos
1112 1087 1560 1170 Cristophorus
1620 1088 1700 1155 de
1770 1086 1948 1152 Calle
1998 1105 2112 1168 per
2153 1086 2216 1152 la
2262 1091 2486 1152 nostra
2527 1083 2939 1152 Serenissima
2983 1080 3084 1148 Si-

717 1192 949 1276 gnoria
1003 1193 1085 1257 de
1122 1189 1405 1256 Venexia
1448 1188 1717 1255 Consolo
1777 1189 1845 1254 in
1903 1187 1970 1254 la
2011 1191 2303 1270 presente
2349 1187 2494 1254 Cita
2535 1187 2616 1253 de
2663 1183 2852 1252 Gaffa
2894 1183 2974 1250 de
3018 1184 3082 1249 la

727 1292 1166 1376 prenominata
1208 1292 1443 1375 inclyta
1476 1291 1736 1357 natione
1784 1288 2172 1356 affirmamus
2235 1291 2448 1356 omnia
2499 1289 2956 1372 suprascripta:
3015 1293 3081 1352 et

724 1396 811 1461 ad
877 1394 1071 1460 robur
1136 1395 1413 1460 omnium
1481 1395 1941 1477 premissorum
2009 1393 2307 1460 iussimus
2375 1393 2491 1459 has
2552 1391 2760 1475 sigillo
2827 1387 3084 1474 gloriosi

732 1497 1115 1581 evangeliste
1158 1498 1361 1563 sancti
1407 1497 1609 1563 Marci
1652 1497 2065 1580 impressione
2107 1495 2340 1562 muniri
2381 1513 2574 1560 manu
2615 1493 2888 1578 propria.

928 1597 1029 1682 (L.
1078 1597 1141 1664 S.
1180 1597 1290 1682 N.)
1362 1597 1498 1680 Ego
1556 1597 1968 1664 Constantius
2028 1599 2110 1664 de
2165 1597 2383 1664 Sarra:
2449 1597 2684 1662 artium
2726 1594 3082 1662 liberalium

724 1701 1051 1784 magister:
1100 1705 1167 1766 et
1206 1698 1495 1782 publicus
1536 1699 1855 1782 Imperiali
1883 1699 2265 1766 auctoritate
2289 1699 2576 1766 notarius
2606 1702 2907 1782 tanquam
2937 1715 3084 1763 con-

728 1802 928 1870 fidens
974 1802 1203 1886 prefati
1261 1802 1497 1869 domini
1541 1802 1832 1868 Consulis
1892 1803 2384 1886 suprascriptam
2444 1802 2724 1868 litteram
2784 1799 3084 1868 transtuli

724 1910 800 1971 ut
844 1925 1063 1988 supra:
1107 1910 1173 1972 et
1215 1907 1296 1971 ad
1341 1907 1671 1972 veritatem
1738 1907 2184 1988 premissorum
2252 1904 2512 1990 Signum
2571 1924 2780 1972 meum
2837 1903 3083 1970 notarie

721 2007 989 2089 apposui
1032 2012 1415 2074 consuetum.

1030 2141 1293 2211 (Archivio
1328 2141 1388 2196 di
1419 2141 1575 2197 Staio
1615 2144 1671 2197 in
1719 2142 1982 2210 Venezia.)

1030 2227 1513 2284 Commemoriale
1548 2227 1699 2284 XVI
1736 2246 1784 2284 c.
1819 2229 1889 2284 76
1925 2235 1968 2284 t.

1742 2550 2077 2628 LXVII.

1454 2705 1900 2774 moncel-XXV.
1944 2706 2041 2774 die
2086 2709 2148 2773 ν.
2190 2706 2350 2773 lunii.

816 2893 935 2960 Ser
976 2891 1360 2959 Sebastiano
1402 2892 1720 2959 Baduario
1763 2893 2017 2960 Oratori
2051 2898 2270 2959 nostro
2316 2894 2482 2977 apud
2518 2892 3002 2961 serenissimum

1422 2995 1745 3061 dominum
1786 3015 1998 3079 regem
2042 2996 2381 3079 Hungarie.

926 3134 1025 3198 Ex
1056 3133 1362 3199 Possonia
1390 3151 1504 3215 per
1531 3133 1851 3199 Lazchum
1882 3132 2281 3199 tabellarium
2322 3133 2566 3200 reddite
2608 3132 2790 3200 nobis
2833 3136 2982 3199 sunt
3010 3131 3086 3197 li-

728 3238 869 3301 tere
897 3240 1107 3301 vestre
1149 3236 1392 3301 dierum
1437 3235 1651 3300 XXI-V
1682 3240 1749 3301 et
1782 3235 1961 3300 XXV
1991 3237 2222 3301 mensis
2248 3236 2485 3318 Aprilis
2513 3236 2798 3319 proximi.
2865 3236 3090 3301 Placet

734 3335 916 3401 nobis
975 3354 1322 3419 sumopere,
1382 3343 1456 3403 ut
1501 3356 1643 3403 cum
1688 3337 2042 3404 oratoribus
2094 3340 2261 3420 regis
2303 3338 2561 3405 Boemie
2601 3339 2797 3405 locuti
2839 3338 3088 3405 fueritis

726 3439 893 3505 sicut
925 3438 1198 3505 scribitis
1230 3459 1344 3522 pro
1366 3438 1793 3506 declaratione
1822 3458 2148 3507 causarum
2169 3446 2376 3507 vestre
2401 3442 2736 3525 legationis
2765 3446 2833 3507 et
2851 3442 3089 3523 optime

729 3540 1226 3623 amicissimeque
1274 3543 1503 3606 mentis
1548 3547 1615 3606 et
1662 3542 2089 3624 dispositionis
2131 3547 2347 3609 nostre
2389 3544 2456 3609 in
2497 3549 2802 3627 utrosque
2839 3548 3089 3626 patrem

724 3642 969 3708 scilicet
991 3640 1256 3707 Polonie
1294 3647 1360 3707 et
1386 3642 1585 3707 filium
1613 3642 1874 3709 Boemie
1902 3662 2099 3727 reges.
2145 3644 2233 3710 Et
2263 3646 2815 3728 quotienscumque
2843 3646 3090 3712 occasio

731 3742 909 3809 vobis
957 3747 1267 3824 occurrat,
1332 3749 1406 3808 ut
1453 3761 1595 3808 cum
1638 3743 1994 3810 oratoribus
2061 3745 2192 3811 sive
2233 3747 2472 3813 nuntiis
2514 3734 3090 3829 suprascriptorum

729 3846 1124 3912 dominorum
1159 3863 1393 3927 regum,
1436 3849 1504 3910 et
1548 3845 1880 3927 utriusque
1912 3864 2126 3912 eorum
2170 3848 2674 3930 congrediamini,
2713 3849 2904 3916 facite
2929 3849 3090 3915 illud·

731 3947 898 4013 idem
942 3952 1196 4012 servata
1236 3964 1483 4029 semper
1526 3947 1837 4013 modestia
1880 3952 1946 4013 et
1987 3949 2315 4032 gravitate.

931 4046 1369 4114 Intelleximus
1414 4052 1701 4131 preterea
1743 4048 1810 4114 id
1853 4050 2022 4131 quod
2067 4069 2183 4132 per
2221 4056 2572 4133 postremas
2613 4056 2696 4121 ad
2739 4072 2855 4121 nos
2891 4055 3091 4137 scrip-

728 4152 905 4217 sistis
948 4152 1029 4217 de
1072 4154 1283 4215 mente
1327 4155 1394 4216 et
1438 4152 1792 4217 intentione
1834 4151 2020 4217 istius
2066 4152 2462 4221 Serenissimi
2499 4157 2737 4223 domini
2765 4158 2933 4239 regis
2961 4176 3090 4223 non

729 4254 1023 4319 irritandi
1060 4252 1375 4317 Turchum
1416 4258 1558 4334 etc„
1607 4254 1905 4336 quoniam
1949 4256 2226 4335 practice
2270 4257 2469 4323 Rome
2510 4258 2708 4324 alium
2749 4258 3094 4326 habuerint

730 4356 967 4421 exitum
994 4374 1185 4438 quam
1213 4356 1527 4437 quesitum
1560 4360 1960 4439 speratumve
1989 4358 2092 4437 sit,
2140 4364 2205 4424 et
2247 4359 2327 4426 de
2365 4362 2682 4428 mentione
2710 4361 2890 4428 vobis
2918 4361 3092 4429 facta

730 4458 1043 4523 missionis
1110 4457 1379 4523 oratoris
1438 4459 1641 4524 nostri
1709 4458 2318 4543 Constantinopolim
2383 4480 2498 4544 pro
2558 4465 2829 4533 materia
2892 4464 3089 4547 pacis.
