3793 5187
1805 619 1927 684 153

698 826 1239 910 Respondebimus
1269 826 1350 892 ad
1379 829 1734 908 utrumque,
1773 829 1847 891 ut
1882 825 2054 909 regie
2080 824 2463 891 Sublimitati
2490 829 2645 891 nota
2671 825 2757 890 sit
2786 825 3038 906 veritas,

701 935 856 996 nota
899 929 1232 1012 dispositio
1276 932 1342 994 et
1383 927 1676 994 voluntas
1718 931 1957 1008 nostra,
2005 945 2127 1010 que
2166 944 2410 1009 semper
2452 927 2669 994 eadem
2712 926 2832 992 fuit
2872 926 3041 992 futu-

703 1049 901 1114 raque
942 1035 1042 1097 est
1084 1049 1236 1114 erga
1276 1029 1678 1096 Maiestatem
1723 1047 1902 1095 suam
1940 1047 2055 1111 pro
2094 1028 2307 1095 favore
2348 1033 2415 1096 et
2455 1033 2804 1095 tutamento
2832 1045 3041 1094 rerum

695 1134 1212 1200 christianarum.
1299 1131 1798 1215 Consyderantes
1841 1132 2037 1214 igitur
2076 1131 2327 1196 Italiam
2356 1132 2617 1198 divisam
2652 1137 2719 1198 et
2758 1130 3042 1208 diffiden-

704 1243 832 1304 tem
875 1237 1043 1302 inter
1083 1255 1170 1316 se,
1234 1239 1300 1302 et
1363 1235 1500 1301 fieri
1549 1253 1676 1302 non
1717 1253 1920 1316 posse,
1982 1238 2057 1300 ut
2118 1235 2237 1300 hoc
2278 1253 2488 1300 rerum
2550 1238 2723 1300 statu
2764 1235 3044 1301 succurri

697 1359 804 1406 res
848 1339 1192 1406 christiane
1233 1338 1506 1420 possint:
1583 1336 1690 1402 diu
1746 1337 2070 1419 eupiimuS‚
2138 1340 2204 1402 et
2263 1335 2532 1401 maximo
2593 1336 3041 1417 queritavimus

713 1444 922 1509 studio
965 1442 1136 1508 illius
1187 1442 1478 1506 unionem
1519 1444 1595 1506 ut
1635 1440 1782 1505 inde
1823 1441 1907 1506 ad
1940 1439 2292 1521 generalem
2356 1437 2879 1504 contributionem
2926 1457 3042 1520 pro

703 1547 1107 1628 expeditione
1153 1544 1496 1610 christiana
1535 1543 1949 1623 deveniretur‚
2010 1541 2187 1608 cuius
2228 1542 2451 1607 ducem
2494 1545 2561 1606 et
2601 1541 3041 1622 imperatorem

704 1649 838 1714 fore
881 1645 1344 1730 augurabamur
1389 1651 1454 1712 et
1500 1644 1953 1727 profitebamur
1993 1645 2229 1726 regiam
2279 1643 2737 1710 Sublimitatem
2779 1661 2891 1726 per
2932 1661 3041 1708 vos

703 1751 796 1816 illi
832 1751 1186 1817 declarasse
1229 1753 1296 1815 et
1339 1749 1472 1814 suis
1511 1767 1720 1814 coram
1782 1748 2011 1814 dixisse
2064 1746 2419 1814 oratoribus
2461 1748 2871 1828 meminimuS,
2916 1764 3043 1813 non

707 1853 828 1918 fuit
872 1854 1112 1934 moduS,
1180 1857 1254 1918 ut
1316 1856 1466 1918 ante
1511 1851 1735 1916 initum
1797 1869 1939 1916 cum
1988 1849 2143 1914 Ill¹¹¹²o
2186 1849 2436 1916 domino
2481 1851 2641 1918 duee
2682 1849 3041 1929 Mediolani,

709 1962 776 2023 et
817 1957 1084 2022 Excelsa
1121 1953 1569 2022 communitate
1610 1953 1933 2019 Florentie
1986 1951 2163 2018 fedus
2230 1953 2296 2019 id
2353 1953 2601 2035 assequi
2640 1952 3042 2018 valluerimus

705 2059 952 2125 volente
995 2057 1308 2139 pontifice,
1353 2055 1702 2122 volentibus
1747 2055 2189 2138 suprascriptis
2230 2055 2474 2122 duobus
2524 2054 2950 2138 potentatibus
2978 2058 3045 2120 et

702 2160 846 2241 alio,
868 2179 1052 2242 quem
1080 2161 1215 2226 sine
1243 2159 1371 2224 alia
1394 2162 1614 2224 nostra
1639 2158 2035 2240 expressione
2061 2158 2294 2239 optime
2318 2157 2687 2240 intelligitis,
2712 2157 3045 2222 simulante

691 2267 766 2328 et
806 2268 1012 2328 totum
1065 2262 1423 2344 oppositum
1469 2259 1752 2326 faciente.
1821 2259 1985 2326 Post
2006 2265 2241 2326 autem
2284 2261 2642 2327 conclusum
2684 2260 2863 2327 fedus
2906 2279 3045 2344 pre-

711 2367 950 2432 dictum
1008 2364 1410 2430 manifestum
1463 2369 1531 2430 et
1586 2361 2010 2428 indubitatum
2070 2367 2171 2429 est
2226 2381 2351 2428 non
2403 2362 2674 2429 defuisse
2716 2362 2798 2429 ab
2835 2363 3045 2446 aliquo

699 2473 1059 2534 nostrorum
1105 2468 1296 2532 trium
1328 2465 1883 2546 confederatorum‚
1931 2466 2085 2548 quin
2132 2465 2320 2530 Italia
2368 2469 2506 2532 tota
2540 2465 2609 2531 in
2647 2485 2838 2531 unam
2874 2469 3045 2532 veni-

707 2577 808 2637 ret
851 2570 1219 2637 societatem
1261 2573 1328 2635 et
1365 2587 1613 2635 nexum.
1706 2567 2121 2651 Operationes
2163 2573 2373 2635 autem
2420 2572 2632 2635 nostre
2674 2573 2825 2634 ante
2866 2568 3045 2635 fedus

712 2676 1066 2758 predictum
1123 2672 1456 2739 manifeste
1510 2672 1685 2739 fuere
1745 2673 1995 2739 domino
2052 2672 2314 2737 Nicolao
2358 2672 2628 2737 Vacensi
2683 2672 2919 2738 oratori
2976 2672 3043 2737 in

711 2779 888 2842 curia
945 2777 1118 2860 regie
1159 2776 1536 2855 Maiestatis,
1579 2776 1680 2841 cui
1723 2775 1791 2840 in
1833 2774 2119 2841 omnibus
2160 2774 2348 2857 regiis
2396 2774 2733 2857 postulatis
2774 2775 3045 2840 maximo

705 2881 917 2947 studio
963 2880 1131 2961 apud
1173 2878 1530 2962 pontificem
1589 2882 1655 2945 et
1717 2876 2083 2943 Cardinales
2143 2877 2292 2944 fecit
2344 2877 2424 2943 de
2481 2882 2697 2942 nostro
2749 2877 3045 2943 mandato

699 2982 929 3049 nobilis
992 2982 1160 3047 Civis
1222 2986 1288 3047 et
1342 2986 1560 3048 orator
1618 2986 1835 3047 noster
1891 2980 2205 3045 Antonius
2262 2980 2531 3046 Donato.
2620 2979 2779 3045 Post
2818 2979 3046 3045 initum

697 3103 844 3150 vero
892 3102 1032 3150 cum
1075 3084 1520 3166 suprascriptis
1555 3083 1799 3149 duobus
1838 3082 2271 3164 potentatibus
2331 3081 2509 3148 fedus
2552 3082 2693 3148 luce
2736 3082 2875 3163 ipsa
2918 3082 3045 3147 cla-

701 3188 836 3253 rius
879 3192 976 3253 est
1021 3192 1326 3270 quantum
1369 3205 1484 3269 pro
1529 3187 1800 3252 unienda
1841 3186 2029 3252 Italia
2068 3185 2559 3251 laboraverimus
2622 3190 2689 3251 et
2746 3202 2921 3267 quaS,
2980 3188 3047 3250 et

697 3308 737 3355 a
780 3308 906 3372 quo
952 3290 1220 3355 materia
1282 3288 1686 3355 difficultates
1744 3294 1811 3354 et
1864 3288 2354 3355 contraditiones
2410 3286 2703 3353 habuerit
2745 3293 2811 3353 et
2851 3292 3047 3354 testes

691 3411 909 3458 rerum
949 3393 1232 3458 omnium
1281 3398 1348 3457 et
1387 3391 1780 3474 presentium
1844 3390 2032 3456 Italie
2074 3389 2470 3457 voluntatum
2514 3395 2582 3455 et
2625 3390 3047 3456 conditionum

693 3499 968 3578 possunt
1035 3512 1174 3560 esse
1242 3494 1749 3577 locuplectissimi
1814 3497 2096 3560 oratores
2137 3493 2307 3576 regie
2349 3492 2725 3571 Maiestam,
2788 3493 2896 3576 qui
2938 3493 3048 3558 diu

699 3597 880 3663 fuere
947 3596 1014 3661 in
1087 3596 1298 3677 Curia,
1365 3603 1696 3679 propterea
1759 3596 1824 3662 in
1885 3596 2005 3663 hac
2045 3600 2227 3679 parte
2270 3594 2579 3677 longiores
2625 3613 2751 3660 non
2794 3596 3045 3661 erimus,

695 3699 1096 3766 Meminimus
1165 3700 1356 3765 etiam
1402 3699 1486 3765 ad
1530 3718 1641 3765 vos
1682 3698 1919 3781 pluries
1982 3699 2307 3780 scripsisse
2355 3698 2746 3779 potissimam
2787 3703 2853 3764 et
2894 3698 3048 3765 vali-

709 3802 1033 3870 dissimam
1099 3802 1408 3867 rationem
1472 3807 1539 3867 et
1601 3802 1767 3867 viam
1830 3803 2403 3884 persuadendorum
2454 3804 2519 3867 et
2560 3801 3049 3867 inducendorum

698 3904 890 3970 ,Italie
931 3908 1377 3988 potentatuum
1421 3904 1504 3975 ad
1547 3904 1872 3986 suppetias
1932 3904 2254 3970 Maiestati
2309 3903 2481 3986 regie
2536 3902 2853 3969 faciendas
2912 3922 3048 3970 esse

701 4008 968 4073 celerem
1012 4008 1466 4074 discordiarum
1515 4026 1658 4073 cum
1701 4007 1968 4074 Polonia
2029 4013 2095 4073 et
2132 4006 2395 4073 Boemia
2432 4005 2939 4087 compositionem
2982 4010 3049 4071 et

699 4116 1132 4193 aptamentum
1179 4114 1246 4173 et
1291 4108 1755 4174 conversionem
1797 4108 2025 4174 virium
2069 4108 2245 4191 regni
2288 4126 2414 4173 una
2462 4126 2603 4172 cum
2639 4126 2907 4190 persona
2948 4116 3047 4173 re-

693 4214 800 4294 gie
845 4210 1270 4278 Sublimitatis
1314 4210 1395 4277 ad
1441 4208 1715 4277 confinia
1755 4210 2011 4291 inimici,
2058 4211 2223 4277 sicut
2258 4210 2517 4276 dissidia
2554 4208 2666 4275 illa
2692 4210 3049 4292 oppositum

696 4314 986 4381 effectum
1029 4314 1414 4396 productura
1455 4312 1994 4396 cognoscebamus,

902 4416 1000 4481 De
1045 4421 1304 4482 oratore
1366 4420 1589 4481 nostro
1654 4416 1846 4481 misso
1896 4415 2501 4497 Constantinopolim
2546 4416 2637 4481 sic
2680 4433 2782 4481 res
2827 4433 2895 4482 se
2937 4416 3049 4483 ha·-

695 4518 824 4585 bet.
891 4518 966 4585 In
1011 4520 1152 4602 ipsa
1209 4518 1397 4585 celeri
1453 4522 1520 4585 et
1579 4518 1893 4584 constanti
1951 4518 2121 4583 fama
2176 4517 2525 4601 ingentium
2586 4517 3047 4587 maritimorum
