3793 5187
1934 469 2018 532 28

817 673 1078 740 videndo
1122 691 1232 738 vos
1283 689 1464 754 posse
1507 670 1783 738 obtinere
1827 672 2031 738 omnia
2090 672 2215 738 alia
2262 674 2555 737 contenta
2596 671 2659 735 in
2704 671 3145 754 suprascriptis

822 775 1110 859 capitulis
1153 793 1264 856 pro
1308 774 1550 841 ducatis
1597 772 1758 840 CCm·
1843 774 2069 841 Sumus
2110 774 2385 846 contenti
2434 775 2601 857 quod
2644 775 3146 841 condescendatis

816 879 896 943 ad
941 877 1423 960 promittendum
1466 877 1703 943 solvere
1744 879 1821 942 de
1865 881 2070 943 cetero
2107 895 2218 959 pro
2248 877 2665 958 recognitione
2694 876 3009 943 Dalmatie
3036 878 3144 943 do-

818 981 984 1046 mino
1027 981 1180 1062 Regi
1223 985 1288 1046 et
1335 998 1557 1046 corone
1618 979 1939 1062 Hungarie
1994 979 2160 1044 omni
2218 997 2379 1045 anno
2423 999 2462 1045 a
2504 979 2748 1046 ducatis
2798 981 2900 1045 V¹¹¹
2948 999 3145 1062 usque

817 1083 980 1148 VII¹¹²
1029 1088 1216 1165 prout
1268 1083 1488 1148 melius
1545 1083 1833 1164 poteritis
1892 1086 1958 1147 et
2014 1100 2086 1147 eo
2131 1100 2279 1147 casu
2322 1081 2377 1146 si
2418 1081 2553 1148 fieri
2596 1083 2829 1164 poterit
2885 1102 3009 1150 non
3052 1088 3143 1149 te-

813 1186 946 1251 neri
989 1187 1068 1252 ad
1105 1186 1373 1250 dandum
1405 1203 1631 1266 equum
1661 1202 1774 1250 nec
1801 1202 2073 1267 pannum
2100 1203 2376 1265 aureum,
2422 1189 2486 1250 et
2530 1186 2813 1252 volumus
2838 1186 3005 1268 quod
3032 1183 3145 1252 fiat

817 1289 1048 1353 mentio
1095 1289 1159 1352 in
1203 1287 1526 1354 concordio
1572 1286 1734 1370 quod
1779 1287 1890 1353 hec
1937 1286 2162 1353 solutio
2206 1288 2570 1354 ducatorum
2599 1288 2763 1353 vum
2802 1288 2917 1354 fiat
2956 1307 3145 1355 causa

816 1390 1128 1456 Dalmatie
1170 1397 1234 1455 et
1271 1390 1445 1455 nulla
1487 1389 1612 1454 alia
1649 1407 1836 1456 causa
1895 1409 2081 1472 quam
2132 1408 2246 1472 pro
2288 1390 2622 1457 Dalmatia.
2698 1391 2785 1456 Et
2826 1392 2992 1473 quod
3033 1409 3142 1457 no-

815 1499 948 1559 stra
991 1493 1327 1560 dominatio
1372 1512 1482 1575 per
1522 1495 1760 1575 partem
1804 1493 2144 1573 adversam,
2202 1493 2491 1558 videlicet
2548 1493 2865 1560 dominum
2912 1493 3143 1576 Regem

811 1596 1228 1661 Romanorum
1273 1601 1338 1660 et
1378 1594 1698 1676 Hungarie
1741 1600 1806 1661 et
1849 1614 2137 1661 coronam
2181 1599 2245 1661 et
2286 1615 2541 1678 regnum
2590 1595 2912 1679 Hungarie
2940 1595 3142 1662 absol-

811 1703 994 1765 vatur
1036 1704 1100 1765 et
1146 1699 1446 1764 liberetur
1487 1716 1527 1763 a
1569 1698 1978 1764 solutionibus
2026 1701 2388 1766 ducatorum
2434 1699 2597 1764 VII¹¹¹
2645 1700 2712 1764 in
2756 1698 2979 1782 quibus
3006 1699 3143 1782 ipsa

809 1821 956 1884 pars
999 1803 1260 1868 adversa
1301 1801 1455 1866 dicit
1497 1806 1562 1866 et
1605 1802 1917 1882 pretendit
1956 1820 2072 1867 nos
2114 1802 2314 1868 teneri
2341 1820 2452 1884 pro
2483 1802 2687 1868 causis
2716 1802 3005 1885 allegatis
3032 1821 3142 1884 per

810 1905 1010 1988 ipsam
1049 1909 1290 1988 partem
1334 1905 1658 1970 adversam
1703 1909 1769 1970 et
1811 1923 1931 1986 que
1971 1904 2226 1986 produci
2269 1909 2333 1970 et
2377 1905 2634 1988 allegari
2693 1909 2947 1988 possent
2992 1923 3142 1987 quo-

809 2006 1085 2074 vismodo
1128 2011 1258 2074 tam
1305 2025 1419 2088 pro
1459 2007 1761 2090 preterito
1805 2025 1993 2088 quam
2035 2026 2147 2089 pro
2190 2008 2418 2088 sutum,
2474 2009 2580 2073 sed
2626 2007 3007 2074 solummodo
3052 2012 3143 2074 te-

812 2128 1070 2176 neamur
1107 2129 1219 2192 per
1259 2128 1478 2176 novam
1525 2109 2047 2192 compositionem,
2093 2115 2167 2176 ut
2208 2114 2305 2176 est
2346 2110 2600 2192 dictum,
2648 2110 2888 2178 solvere
2916 2115 2983 2178 et
3009 2109 3144 2177 fieri

809 2211 1012 2278 facere
1053 2231 1166 2295 pro
1209 2213 1626 2295 recognitione
1669 2212 1981 2278 Dalmatie
2023 2213 2345 2280 annuatim
2378 2214 2749 2280 solutionem
2779 2214 3140 2298 predictam.

1010 2315 1272 2398 Insuper
1313 2315 1368 2380 si
1409 2316 1476 2380 in
1519 2315 1687 2381 dicta
1729 2316 1965 2397 pratica
2010 2315 2479 2397 requireremini
2520 2316 2599 2382 de
2642 2316 2988 2383 intentione
3029 2333 3140 2383 no-

811 2422 943 2483 stra
989 2417 1154 2484 circa
1195 2419 1529 2484 transitum
1571 2418 1804 2484 domini
1844 2417 2033 2501 Regis
2080 2417 2343 2500 predicti
2407 2438 2517 2502 pro
2571 2419 2925 2502 accipiendo
2969 2437 3142 2487 coro-

809 2540 954 2587 nam
997 2539 1176 2587 suam
1227 2522 1293 2587 in
1335 2521 1521 2587 Italia
1577 2521 1857 2588 debeatis
1914 2521 2283 2605 respondere
2339 2527 2403 2588 et
2454 2520 2674 2588 offerre
2706 2527 2993 2589 nostrum
3034 2521 3142 2588 do-

809 2625 1066 2690 minium
1109 2631 1462 2707 promptum
1507 2630 1571 2691 et
1613 2631 1903 2707 paratum
1950 2631 2163 2692 secuta
2206 2644 2357 2707 pace
2402 2626 2500 2692 vel
2544 2630 2808 2709 treugua
2836 2626 3145 2692 honorare

807 2727 1114 2810 prefatum
1156 2729 1472 2795 dominum
1510 2728 1740 2811 Regem
1784 2733 1849 2794 et
1889 2728 2273 2795 comittivam
2334 2747 2513 2795 suam
2570 2747 2759 2812 super
2810 2728 3144 2795 territoriis

809 2832 1042 2915 nostris
1084 2832 1304 2898 devote
1348 2836 1413 2899 et
1455 2831 1862 2897 amicabiliter
1905 2836 1979 2897 ut
2018 2831 2275 2897 fecimus
2337 2832 2661 2898 recolende
2704 2832 2999 2898 memorie
3039 2850 3143 2915 ge-

809 2936 1073 3001 nitorem
1135 2954 1315 3001 suum
1375 2935 1626 3017 quando
1674 2934 1860 3000 simili
1921 2936 2000 3001 de
2044 2953 2230 3001 causa
2272 2936 2534 3001 accessit
2582 2935 2648 3001 in
2698 2936 2965 3017 Italiam,
3023 2952 3144 3018 que

806 3037 1040 3104 oblatio
1083 3036 1309 3103 habeat
1350 3036 1553 3103 locum
1596 3042 1893 3119 sequente
1936 3056 2087 3119 pace
2129 3036 2227 3103 vel
2268 3040 2551 3120 treugua.

1014 3140 1171 3207 Item
1216 3140 1269 3206 si
1313 3140 1377 3205 in
1421 3140 1591 3207 dicta
1634 3141 1874 3222 pratica
1920 3139 2099 3205 fieret
2153 3138 2327 3205 vobis
2386 3140 2617 3206 mentio
2673 3140 2771 3205 vel
2819 3140 3142 3224 requisitio

805 3241 1017 3324 aliqua
1053 3242 1131 3309 de
1171 3243 1363 3326 galeis
1405 3242 1636 3309 nostris
1699 3247 1918 3308 contra
1966 3240 2262 3321 infideleS,
2308 3240 2528 3308 damus
2572 3242 2747 3309 vobis
2787 3242 3143 3309 libertatem

807 3347 1095 3428 possendi
1145 3351 1210 3412 et
1260 3352 1596 3428 antequam
1653 3347 2016 3430 exprimatis
2076 3350 2273 3411 totam
2327 3345 2742 3427 quantitatem
2785 3346 3044 3428 pecunie
3078 3350 3145 3411 et

805 3452 949 3531 post
1004 3453 1069 3515 et
1126 3450 1374 3532 quando
1431 3454 1496 3516 et
1549 3449 1711 3515 sicut
1767 3448 1943 3515 vobis
2002 3448 2311 3514 videbitur
2353 3466 2535 3531 posse
2578 3449 2869 3532 prodesse
2910 3448 3143 3515 nostris

808 3552 1256 3619 intentionibus
1319 3552 1755 3636 suprascriptis
1805 3552 2170 3635 promittere
2228 3556 2441 3617 tenere
2492 3551 2558 3615 in
2600 3550 2885 3634 partibus
2927 3550 3143 3617 Gretie

805 3674 846 3721 a
891 3675 999 3722 sex
1041 3674 1237 3739 usque
1278 3656 1339 3721 X
1378 3656 1589 3739 galeas
1653 3659 1929 3722 armatas
1986 3655 2217 3721 nostris
2261 3655 2545 3737 expensis
2587 3654 2655 3720 in
2696 3654 3037 3721 subsidium
3076 3659 3142 3720 ot

803 3757 1075 3824 favorem
1135 3758 1632 3827 Christianitatis
1689 3764 1755 3825 et
1815 3758 2011 3841 ipsius
2062 3758 2293 3824 domini
2360 3758 2545 3840 Regis
2610 3758 3029 3824 Romanorum
3077 3760 3145 3822 et

805 3860 1124 3943 Hungarie
1168 3862 1414 3944 quando
1457 3867 1522 3928 et
1564 3863 1758 3929 donec
1799 3860 1927 3927 Sua
1953 3860 2255 3925 Maiestas
2296 3859 2706 3942 personaliter
2735 3879 2875 3925 cum
2902 3858 3144 3942 potenti

803 3964 1076 4030 exercitu
1119 3964 1240 4029 erit
1281 3969 1347 4030 et
1387 3965 1582 4030 stabit
1623 3965 1688 4030 in
1731 3962 2013 4047 partibus
2057 3962 2271 4028 Gretie
2314 3967 2533 4028 contra
2575 3961 2873 4042 infideles,
2932 3961 3137 4027 decla-

807 4067 1002 4132 rando
1051 4072 1115 4133 et
1151 4068 1530 4135 ostendendo
1575 4072 1648 4133 ut
1689 4072 1786 4133 est
1829 4067 1920 4131 rei
1962 4065 2192 4131 veritas
2224 4070 2459 4147 quanta
2486 4065 2751 4147 gravedo
2780 4069 2845 4129 et
2872 4082 3144 4145 expensa

802 4169 980 4235 nobis
1025 4172 1145 4236 erit
1192 4176 1402 4237 tenere
1445 4176 1542 4237 tot
1586 4171 1796 4253 galeas
1853 4171 1919 4234 in
1974 4168 2158 4234 dictis
2212 4168 2495 4250 partibus
2547 4172 2611 4233 ct
2654 4174 2927 4248 quantus
2968 4164 3143 4231 favor

807 4272 1299 4339 Christianitatis
1364 4280 1429 4339 et
1472 4274 1644 4356 regni
1690 4270 2026 4355 Hungarie,
2088 4275 2390 4352 quantum
2435 4271 2726 4337 damnum
2766 4274 2830 4335 et
2871 4270 3141 4336 incomo-

803 4376 950 4443 dum
996 4379 1173 4445 cedet
1215 4378 1444 4446 nostris
1489 4378 1640 4445 locis
1686 4374 2138 4444 confinantibus
2186 4392 2325 4441 cum
2368 4372 2629 4441 Turchis
2656 4376 2723 4439 et
2751 4372 2939 4439 etiam
2980 4388 3139 4439 mer-

2615 5169 3171 5187 ffl
3266 4818 3751 5187 ml
