3793 5187
1721 653 1842 718 185

614 861 681 924 et
721 857 802 923 ad
845 873 1065 940 pacem
1112 861 1178 923 et
1213 855 1736 940 tranquillitatem
1791 857 2101 942 disposita
2142 862 2208 926 et
2248 857 2543 940 animata,
2603 863 2678 926 ut
2721 859 2963 926 nullum

611 960 866 1026 omnino
906 958 1164 1027 dubium
1207 960 1284 1026 de
1329 957 1573 1028 Comite
1617 958 1844 1027 Carolo
1910 978 2048 1028 esse
2111 961 2330 1046 possit,
2400 962 2523 1029 imo
2568 980 2649 1030 ne
2692 962 2963 1045 suspicio

615 1068 732 1129 aut
769 1062 992 1129 umbra
1035 1063 1288 1146 quidem
1333 1063 1555 1130 alicius
1597 1063 1878 1147 periculi,
1941 1063 2115 1131 aliud
2156 1065 2364 1132 dicere
2405 1082 2533 1132 non
2576 1068 2675 1132 est
2710 1083 2963 1132 necesse

607 1167 770 1248 quia
813 1165 1000 1248 plura
1041 1167 1312 1232 materia
1353 1184 1478 1232 non
1521 1171 1814 1234 meretur.

818 1285 970 1352 Post
1027 1285 1298 1368 scriptas
1356 1285 1606 1352 litteras
1662 1286 2015 1369 accepimus
2074 1285 2155 1352 ab
2205 1286 2563 1354 oratoribus
2611 1288 2845 1355 nostris
2888 1307 2966 1356 ex

618 1387 964 1471 Hungaria,
1013 1407 1136 1470 que
1178 1387 1356 1455 nobis
1398 1388 1536 1455 visa
1575 1393 1726 1454 sunt
1767 1388 2107 1471 singularis
2143 1393 2333 1472 atque
2375 1390 2531 1456 adeo
2568 1391 2967 1458 formidolose

618 1490 1025 1574 importantie
1069 1494 1137 1556 et
1175 1489 1495 1572 momenti,
1556 1508 1820 1573 quarum
1864 1490 2214 1574 exemplum
2257 1489 2433 1558 vobis
2475 1491 2784 1558 mittimus
2826 1512 2966 1576 pre-

614 1592 899 1661 sentibus
941 1592 1352 1659 introclusum
1398 1597 1464 1659 et
1505 1592 1810 1674 volumus,
1881 1592 2183 1675 vobisque
2226 1593 2595 1660 mandamus
2640 1598 2714 1660 ut
2755 1595 2965 1662 subito

615 1715 756 1764 cum
799 1695 1052 1761 Summo
1117 1693 1414 1779 pontifice
1484 1712 1624 1762 esse
1689 1695 1971 1764 debeatis
2037 1698 2104 1762 et
2165 1695 2487 1762 beatudini
2528 1715 2640 1764 sue
2683 1697 2967 1780 exempla

617 1789 902 1883 predicta
945 1797 1257 1863 ostendite
1303 1800 1369 1862 et
1415 1796 1776 1881 subiungite
1815 1797 1979 1880 quod
2023 1816 2137 1880 per
2177 1797 2646 1880 importantium
2674 1799 2786 1880 rei,
2831 1803 2967 1865 tam

619 1921 696 1968 ex
738 1907 924 1984 parte
979 1900 1182 1982 Turci,
1252 1919 1441 1983 quam
1501 1920 1578 1966 ex
1634 1907 1816 1984 parte
1861 1900 2267 1984 Imperatoris
2310 1919 2650 1985 regumque
2704 1901 2966 1968 Polonie

626 2009 692 2072 et
734 2003 992 2071 Boemie
1037 2003 1117 2070 ob
1162 2002 1503 2070 fracturam
1566 2004 1953 2070 indutiarum
2017 2003 2219 2069 visum
2280 2009 2378 2070 est
2442 2001 2621 2071 nobis
2677 2003 2967 2088 expedire

621 2109 820 2174 istum
885 2105 1302 2187 tabellarium,
1372 2110 1448 2172 ut
1508 2104 1881 2172 beatitudini
1946 2123 2059 2172 sue
2122 2111 2275 2172 nota
2326 2125 2401 2173 ea
2446 2107 2576 2172 sint
2629 2125 2753 2189 que
2808 2106 2968 2174 acci-

617 2212 795 2290 dunt,
843 2212 909 2274 et
950 2207 1064 2274 illa
1097 2208 1299 2290 possit
1344 2208 1648 2292 singulari
1690 2226 1809 2275 sua
1845 2208 2159 2292 sapientia
2222 2208 2470 2290 cognito
2538 2209 2967 2292 ingentissimo

613 2311 891 2396 periculo
941 2329 1149 2377 rerum
1181 2311 1667 2378 christianarum
1706 2311 1848 2378 illas
1891 2311 2100 2379 facere
2144 2311 2552 2396 cogitationes
2598 2317 2664 2379 et
2705 2313 2817 2380 illa
2858 2313 2968 2380 ad-

619 2415 835 2482 hibere
879 2414 1152 2480 remedia
1190 2432 1312 2496 que
1356 2414 1478 2481 sibi
1517 2415 1870 2496 videantur,
1934 2420 2000 2480 et
2041 2419 2344 2496 quantum
2388 2413 2580 2482 fuerit
2624 2416 2830 2482 nostri
2870 2415 2967 2482 iu-

620 2519 760 2586 ditii
805 2516 1147 2585 scribemus
1214 2535 1328 2600 per
1389 2515 1548 2583 alias
1608 2523 1873 2584 nostras.
1960 2516 2083 2584 Sed
2131 2516 2250 2583 hoc
2296 2519 2568 2584 occurrit
2624 2519 2967 2602 impresen-

617 2624 850 2689 tiarum
886 2622 953 2687 in
995 2625 1176 2688 tanta
1222 2621 1645 2703 trepidatione
1688 2626 1754 2687 et
1790 2625 1969 2687 motu
1994 2620 2480 2700 memorandum,
2526 2623 2600 2687 ut
2640 2620 2965 2688 beatitudo

616 2725 756 2809 ipsa
814 2743 928 2809 per
991 2723 1254 2789 celerem
1318 2728 1509 2805 atque
1573 2724 1729 2789 adeo
1793 2722 2327 2790 festinatissimam
2369 2724 2727 2790 missionem
2770 2723 2968 2807 legati

618 2828 696 2895 de
732 2827 933 2895 latere
975 2828 1056 2893 ad
1094 2826 1238 2892 illas
1289 2832 1505 2909 partes
1549 2826 1878 2909 provideat
1938 2824 2353 2908 pacificationi
2417 2826 2667 2893 illorum
2726 2845 2963 2909 regum,

619 2937 686 2997 et
729 2928 1156 2997 stabilimento
1221 2934 1430 2996 status
1484 2928 1877 2996 Serenissimi
1939 2929 2173 2995 domini
2236 2930 2403 3013 regis
2454 2928 2781 3011 Hungarie
2823 2947 2968 2996 con·

621 3032 848 3099 stituto
891 3031 1115 3098 iuditio
1161 3034 1380 3097 nostro
1425 3030 1492 3095 in
1535 3031 1804 3097 maximo
1848 3034 2041 3113 atque
2085 3030 2525 3113 urgentissimo
2566 3030 2846 3114 periculo
2891 3051 2968 3098 ex

617 3134 791 3201 omni
831 3133 1048 3213 latere,
1119 3132 1508 3199 exactionem
1565 3132 1894 3215 presertim
1939 3137 2004 3199 et
2043 3132 2525 3199 cumulationem
2560 3132 2965 3214 pecuniarum

622 3234 1126 3316 constitutarum,
1166 3234 1508 3301 Sanctitati
1549 3235 1828 3319 predicte
1889 3240 2257 3315 memorate,
2321 3235 2583 3302 suadete
2645 3239 2835 3318 atque
2872 3234 2966 3302 in-

617 3342 789 3405 state
832 3337 1449 3422 proportionabiliter
1489 3356 1601 3420 per
1637 3356 1850 3405 omnes
1879 3341 2245 3421 potentatus
2274 3336 2640 3419 faciendam,
2684 3344 2758 3404 ut
2789 3339 2966 3405 iuxta

630 3441 1003 3526 exigentiam
1045 3445 1179 3508 tam
1221 3446 1596 3523 presentem,
1663 3460 1851 3524 quam
1916 3440 2193 3507 suturam
2234 3446 2301 3506 et
2344 3458 2525 3507 casus
2572 3446 2966 3508 occurrentes

625 3544 905 3613 succurri
947 3542 1136 3609 rebus
1177 3542 1534 3610 christianis
1576 3545 1798 3626 possit.
1861 3544 1951 3610 Et
1996 3544 2076 3610 de
2118 3544 2287 3609 omni
2326 3544 2549 3611 iuditio
2588 3550 2780 3628 atque
2814 3544 2966 3611 deli-

625 3647 950 3715 beratione
995 3644 1367 3714 Sanctitatis
1415 3646 1698 3728 predicte
1740 3664 1855 3713 nos
1898 3666 2011 3730 per
2050 3646 2218 3714 hunc
2264 3647 2528 3714 eundem
2572 3646 2965 3714 tabellarium

613 3751 918 3819 advisate.

863 3870 960 3935 De
1005 3872 1189 3952 parte
1307 3871 1450 3937 145.

861 3972 960 4040 De
1000 3991 1126 4039 uon
1389 3974 1452 4038 Ο.

862 4076 1008 4144 Non
1054 4077 1284 4144 sinceri
1393 4079 1452 4143 1.

924 4229 1192 4301 (Archivio
1227 4228 1286 4284 da·
1319 4227 1474 4285 Staio
1509 4230 1564 4283 in
1611 4227 1873 4299 Veturia).

699 4313 1128 4371 Deliberazioni
1163 4313 1374 4371 Senato
1409 4313 1656 4382 Secreti,
1689 4330 1803 4386 reg.
1840 4314 1907 4369 27
1944 4330 1993 4370 c.
2032 4314 2150 4371 126.
