3793 5187
1823 521 1900 582 11

690 726 913 803 strare,
972 723 1393 806 intelligamus
1455 741 1569 788 nos
1624 723 1704 787 ad
1741 723 2002 788 invicem
2048 727 2114 790 et
2155 723 2606 790 conformemur
2644 725 2708 789 in
2750 743 2876 790 una
2917 744 3023 790 vo-

702 824 963 906 luntate,
1023 826 1229 891 animo
1274 829 1339 891 et
1379 825 1607 890 unione
1651 831 1721 891 ut
1772 826 1952 892 unita
1989 827 2272 908 potentia
2327 827 2650 910 utriusque
2691 828 2890 909 partis
2929 828 3024 892 in-

696 927 894 996 tent-io
938 933 1002 994 et
1040 928 1365 1010 dispositio
1410 929 1603 1011 ipsius
1646 929 1877 994 domini
1922 927 2109 1010 Regis
2139 929 2390 994 Polonie
2429 934 2493 995 et
2521 931 2720 995 nostri
2750 930 3023 1011 dominii,

702 1051 815 1115 pro
879 1031 1103 1113 quibus
1167 1050 1292 1097 non
1363 1030 1515 1097 facit
1576 1033 1906 1098 descensus
1969 1032 2163 1114 ipsius
2227 1032 2414 1115 Regis
2475 1031 2846 1115 Sigismondi
2911 1052 3023 1114 pro

699 1134 1125 1218 assumptione
1188 1153 1410 1201 corone
1462 1135 1540 1200 ad
1596 1135 1928 1200 ostandum
1988 1135 2105 1200 hoc
2157 1154 2295 1200 cum
2354 1135 2514 1201 bono
2571 1135 2793 1201 effectu
2849 1135 3023 1217 sequi

694 1237 912 1320 possit.
986 1237 1073 1303 Et
1115 1237 1216 1303 hic
1258 1239 1540 1302 volumus
1596 1238 1760 1320 quod
1822 1238 1973 1304 totis
2017 1237 2338 1320 spiritibus
2399 1238 2620 1304 vestris
2679 1239 3023 1320 procuretis

694 1338 925 1405 habere
968 1345 1033 1406 et
1076 1341 1232 1406 scire
1275 1339 1679 1406 intentionem
1725 1339 1803 1405 ab
1846 1341 1982 1422 ipso
2021 1340 2268 1406 domino
2297 1341 2482 1423 Rege,
2529 1340 2582 1406 si
2624 1345 2722 1407 est
2757 1339 3017 1422 disposi-

693 1448 796 1508 tus
836 1443 996 1509 velle
1052 1461 1338 1524 rumpere
1390 1447 1455 1508 et
1506 1462 1751 1510 movere
1808 1462 2094 1524 guerram
2137 1463 2176 1508 a
2217 1448 2394 1526 parte
2451 1462 2581 1523 sue,
2643 1443 2789 1526 quia
2849 1449 3022 1510 certa

696 1550 959 1628 treugua
1018 1552 1156 1612 erat
1200 1547 1365 1612 inter
1407 1547 1574 1629 ipsos
1622 1546 1861 1628 regales
1903 1565 2100 1628 usque
2143 1547 2224 1611 ad
2265 1565 2536 1612 mensem
2581 1546 2866 1628 Augusti,
2913 1547 3022 1613 sed

692 1667 815 1715 non
851 1649 1079 1715 scimus
1124 1649 1177 1715 si
1222 1654 1395 1716 tenet
1438 1655 1551 1716 aut
1587 1668 1728 1729 non,
1778 1649 1906 1714 sive
1949 1649 2114 1731 quod
2158 1655 2346 1732 rupta
2388 1648 2487 1714 sit.
2572 1648 2659 1713 Et
2693 1654 3023 1732 propterea

697 1756 919 1834 aperta
966 1751 1312 1819 intentione
1370 1772 1483 1818 sua
1527 1751 1722 1834 regali
1768 1755 1833 1817 et
1875 1751 2189 1816 declarato
2235 1753 2398 1834 quod
2443 1751 2594 1816 velit
2634 1770 2919 1834 rumpere
2961 1755 3025 1816 et

690 1855 1043 1936 guerrizare
1105 1860 1251 1920 ante
1311 1855 1515 1936 ipsum
1562 1859 1805 1936 tempus
1861 1854 2091 1920 mensis
2133 1853 2400 1936 Augusti
2438 1858 2502 1919 et
2545 1859 2875 1936 antequam
2920 1853 3024 1918 de-

696 1959 1017 2023 scenderet
1060 1957 1193 2022 Rex
1237 1957 1680 2040 SigismonduS‚
1747 1976 1855 2023 vos
1900 1957 2268 2040 pervenietis
2327 1958 2405 2022 ad
2455 1957 2727 2040 praticas
2769 1962 2834 2021 et
2876 1974 3019 2022 con-

690 2060 1028 2126 clusionem
1075 2079 1186 2143 per
1228 2062 1479 2128 modum
1524 2061 1769 2126 unionis
1813 2065 1878 2125 et
1920 2060 2262 2126 amicabilis
2306 2060 2444 2142 lige.

900 2162 987 2228 Et
1030 2164 1095 2228 in
1140 2181 1288 2228 casu
1317 2182 1440 2244 quo
1483 2164 1615 2244 ipse
1658 2163 1948 2228 dominus
1999 2163 2130 2228 Rex
2177 2163 2429 2229 Polonie
2479 2168 2643 2229 esset
2697 2167 3024 2229 contentus

698 2268 763 2329 et
803 2265 1198 2347 promitteret
1240 2284 1526 2348 rumpere
1568 2270 1635 2330 et
1676 2265 2028 2348 guerrizare
2072 2270 2205 2331 toto
2247 2285 2430 2348 posse
2473 2285 2586 2332 suo
2630 2270 2778 2332 ante
2821 2266 3022 2348 ipsum

693 2367 1026 2433 terminum
1068 2368 1299 2433 mensis
1342 2369 1628 2451 Augusti,
1694 2369 1841 2450 quia
1894 2368 2131 2433 diceret
2184 2373 2504 2452 treuguam
2561 2387 2748 2450 quam
2791 2368 3025 2434 habent

691 2469 880 2537 simul
924 2487 1049 2536 non
1095 2475 1305 2536 tenere
1348 2471 1445 2534 vel
1488 2471 1671 2536 aliter
1713 2489 1838 2536 non
1880 2472 2151 2536 curando
2181 2471 2259 2537 de
2303 2478 2582 2555 treugua,
2623 2489 2836 2537 sumus
2880 2489 3023 2536 con-

698 2572 858 2639 tenti
900 2572 965 2638 in
1008 2571 1171 2638 bona
1205 2573 1410 2655 gratia
1453 2574 1616 2655 quod
1654 2573 1916 2639 veniatis
1947 2573 2025 2639 ad
2056 2573 2329 2656 praticas
2357 2575 2602 2642 unionis
2629 2579 2694 2641 et
2721 2574 2843 2657 lige
2871 2573 3024 2639 ami-

700 2674 935 2757 cabiliS,
974 2694 1113 2742 cum
1158 2675 1271 2743 tali
1318 2676 1723 2758 promissione
1769 2679 1849 2743 ad
1885 2678 2148 2743 invicem
2178 2683 2396 2744 contra
2429 2678 2658 2760 Regem
2689 2677 3023 2759 Sigismon-

697 2778 865 2858 dum,
914 2782 987 2844 ut
1028 2796 1151 2845 non
1196 2779 1530 2845 descendat
1570 2781 1648 2845 ad
1691 2780 2113 2863 accipiendum
2145 2798 2432 2845 coronam
2461 2780 2713 2862 Imperii
2738 2779 3025 2845 videlicet

697 2882 863 2963 quod
908 2882 1040 2963 ipse
1084 2882 1369 2947 dominus
1411 2882 1544 2947 Rex
1588 2881 1792 2949 facere
1833 2883 2056 2949 debeat
2099 2901 2279 2965 posse
2319 2902 2498 2949 suum
2529 2902 2568 2947 a
2593 2888 2774 2964 parte
2803 2882 3024 2948 deinde

692 2989 758 3049 et
798 2983 1141 3051 molestare
1182 3004 1256 3051 ac
1296 2986 1649 3068 guerrizare
1693 2985 2010 3051 territoria
2055 2986 2242 3069 Regis
2271 2984 2643 3067 Sigismondi
2685 2986 2779 3050 ita
2822 2989 2887 3050 et
2929 2988 3023 3049 ta-

698 3086 862 3167 liter,
906 3088 1073 3170 quod
1114 3088 1489 3171 impediatur
1532 3089 1862 3154 descensus
1909 3107 2057 3153 suus
2101 3092 2166 3153 et
2203 3089 2370 3171 quod
2411 3106 2534 3153 non
2576 3088 2792 3153 mittat
2831 3086 3024 3153 maio-

697 3208 829 3255 rem
872 3190 1215 3272 potentiam
1264 3190 1343 3256 ad
1388 3195 1599 3273 partes
1642 3192 1815 3269 istas,
1860 3195 1926 3255 et
1967 3191 2133 3272 quod
2176 3208 2291 3256 nos
2329 3209 2368 3255 a
2397 3196 2576 3273 parte
2602 3191 2680 3256 de
2707 3190 2851 3256 hinc
2881 3207 3024 3255 con-

698 3294 799 3356 tra
843 3292 959 3357 has
1000 3300 1216 3374 gentes
1258 3311 1405 3359 suas
1449 3293 1571 3359 iam
1614 3294 1940 3359 descensas
1971 3298 2036 3358 et
2063 3292 2349 3358 similiter
2378 3311 2488 3376 per
2511 3312 2682 3358 mare
2709 3294 2789 3358 ad
2819 3296 3022 3358 terras

694 3414 849 3477 quas
907 3394 1097 3461 habet
1157 3398 1237 3462 ad
1297 3398 1601 3462 marinam
1663 3397 1963 3463 faciamus
2006 3414 2187 3478 posse
2228 3401 2529 3476 nostrum,
2590 3396 2739 3479 quia
2789 3396 3022 3462 multas

694 3497 905 3579 galeas
948 3502 1015 3563 et
1048 3498 1296 3581 navigia
1350 3499 1715 3565 habebimus
1756 3499 1821 3563 in
1864 3500 2042 3579 mari,
2095 3516 2234 3563 cum
2287 3497 2513 3581 quibus
2561 3498 2792 3565 multas
2833 3498 3022 3564 mole-

650 3600 845 3665 ‘stias
888 3605 953 3665 et
986 3602 1297 3667 novitates
1351 3620 1681 3685 pensamus
1734 3601 1943 3677 ,facere
2000 3601 2079 3667 ad
2137 3601 2306 3683 ipsas
2365 3606 2565 3667 terras
2618 3606 2683 3667 et
2726 3601 2864 3667 loca
2905 3620 3020 3666 sua

689 3701 892 3767 adhuc
931 3703 998 3767 in
1042 3708 1209 3769 terra
1256 3702 1553 3770 habemus
1583 3710 1649 3770 et
1678 3704 1817 3787 plus
1846 3703 2212 3771 habebimus
2243 3702 2528 3769 sfortium
2556 3703 2833 3786 gentium
2857 3704 3018 3768 mul-

691 3808 915 3886 tarum,
979 3825 1119 3871 cum
1179 3806 1403 3889 quibus
1454 3824 1775 3889 speramus
1831 3806 2039 3872 divino
2093 3806 2322 3871 auxilio
2367 3824 2766 3888 prorumpere
2805 3810 3021 3888 gentes

690 3926 854 3987 suas,
900 3908 1023 3973 iam
1053 3910 1398 3990 descensas,
1445 3929 1565 3992 que
1603 3909 1880 3975 laborem
1925 3908 2242 3974 habebunt
2283 3927 2556 3991 unquam
2601 3908 2894 3974 redeundi
2937 3906 3021 3972 ad

690 4028 947 4091 regnum
992 4014 1057 4075 et
1098 4008 1395 4077 faciemus
1441 4032 1620 4095 posse
1663 4016 1942 4077 nostrum
1990 4030 2130 4076 cum
2181 4012 2462 4093 potentia
2507 4015 2724 4076 nostra
2760 4015 2825 4075 et
2869 4010 3020 4074 alio-

693 4132 829 4178 rum
873 4115 1261 4180 dominorum
1308 4122 1373 4181 et
1408 4116 1900 4181 dominationum
1944 4114 2281 4178 amicorum
2325 4117 2388 4178 et
2431 4114 2768 4178 amicarum
2817 4113 3015 4178 nostri

688 4215 947 4281 dominii
988 4222 1198 4282 vetare
1254 4224 1317 4283 et
1370 4226 1580 4284 tenere
1624 4235 1891 4300 passum,
1953 4221 2027 4280 ut
2086 4217 2218 4297 ipse
2259 4216 2391 4280 Rex
2436 4214 2860 4297 Sigismondus
2906 4234 3022 4281 nec

686 4322 903 4399 gentes
960 4336 1070 4385 sue
1119 4320 1457 4401 procedant
1508 4339 1621 4402 pro
1664 4336 1890 4385 corona
1946 4318 2193 4399 Imperii
2239 4318 2631 4400 acquirenda,
2690 4319 3020 4384 dummodo

688 4438 809 4503 pur
850 4420 993 4505 (sic)
1041 4440 1080 4486 a
1122 4426 1301 4506 parte
1344 4442 1459 4491 sua
1501 4422 1693 4489 faciat
1729 4440 1908 4507 posse
1953 4441 2133 4491 suum
2177 4422 2332 4492 hora
2373 4428 2440 4489 et
2480 4426 2756 4511 tempore
2799 4442 3021 4511 oppor-
