3793 5187
1746 450 1823 514 15

610 653 1025 722 necessarium
1052 653 1137 719 sit
1172 657 1382 736 presto
1412 655 1490 720 de
1534 659 1753 720 nostra
1794 653 2170 736 ambaxiata,
2215 655 2383 722 itura
2419 656 2500 722 ad
2543 655 2780 722 dictum
2825 656 2945 722 Re-

610 775 749 840 gem
793 757 1049 823 Polonie
1089 757 1430 838 providere,
1503 776 1625 840 que
1680 757 2039 823 ambaxiata
2097 758 2189 824 ita
2245 758 2514 824 solicitet
2568 759 2689 824 iter
2744 777 2944 839 suum,

610 861 775 944 quod
819 860 905 926 sit
947 859 1186 940 Budue,
1232 863 1567 941 antequam
1614 859 1819 925 dictus
1862 860 1998 924 Rex
2041 860 2296 926 Polonie
2336 860 2479 926 inde
2523 862 2804 941 recedat;
2875 867 2947 926 ut

610 964 977 1030 ostendatur
1006 963 1126 1028 toti
1154 963 1404 1046 mund0,
1445 981 1559 1028 nos
1589 981 1723 1028 esse
1752 963 2085 1046 dispositos
2112 965 2192 1030 ad
2223 983 2453 1046 pacem.
2543 965 2736 1030 Vadit
2776 983 2944 1048 pars,

611 1066 776 1148 quod
823 1064 1029 1132 subito
1074 1065 1217 1148 eligi
1260 1065 1528 1131 debeant
1571 1085 1682 1148 per
1722 1066 2132 1148 scruptinium
2175 1066 2240 1133 in
2297 1067 2419 1132 isto
2481 1067 2754 1148 consilio,
2822 1068 2945 1133 duo

609 1170 810 1236 nostri
852 1168 1327 1250 ambaxiatoreS,
1388 1169 1497 1250 qui
1541 1170 1781 1252 possint
1823 1169 2016 1250 accipi
2062 1170 2140 1235 de
2183 1169 2350 1234 omni
2392 1168 2545 1250 loco,
2607 1174 2674 1234 et
2724 1167 2941 1250 offitio,

609 1277 673 1339 et
700 1273 779 1338 de
808 1271 1201 1338 auditoribus
1244 1275 1311 1338 et
1344 1272 1630 1355 judicatu
1672 1272 2068 1354 peticionum,
2114 1276 2180 1338 et
2222 1272 2693 1338 advocatoribus
2737 1291 2944 1338 comu-

605 1376 704 1441 nis
746 1380 812 1441 et
854 1373 1050 1441 offitio
1089 1374 1398 1455 continu0,
1458 1380 1522 1440 et
1578 1374 1795 1440 statim
1854 1379 2186 1440 teneantur
2244 1374 2630 1456 respondere,
2697 1378 2763 1439 et
2822 1392 2944 1448 non

606 1477 847 1560 possint
887 1476 1162 1544 refutare
1203 1478 1317 1544 sub
1360 1496 1521 1561 pena
1557 1479 1924 1544 ducatorum
1973 1479 2398 1544 ducentorum.
2486 1478 2572 1542 Et
2614 1477 2668 1544 si
2709 1477 2942 1542 refuta-

606 1585 765 1661 rent,
810 1599 923 1663 pro
954 1582 1155 1647 eundo
1186 1586 1381 1660 extra,
1429 1583 1761 1646 teneantur
1792 1580 2059 1645 transire
2096 1579 2305 1662 AlpeS,
2352 1580 2482 1644 sive
2511 1579 2940 1659 Quarnarium‚

606 1688 671 1749 et
699 1688 869 1750 stare
896 1683 1066 1749 ultra
1093 1701 1206 1765 per
1233 1683 1388 1748 duos
1426 1701 1694 1762 menses3
1740 1682 2014 1748 habeant
2043 1681 2304 1747 ducatos
2347 1686 2592 1748 centum
2635 1701 2750 1764 pro
2791 1700 2944 1764 quo-

607 1783 778 1867 libet,
824 1804 938 1868 pro
967 1785 1094 1851 ista
1124 1784 1497 1866 ambaxiata,
1544 1785 1769 1851 ducere
1797 1784 2062 1850 debeant
2093 1790 2220 1850 tres
2267 1785 2595 1851 domicelos
2637 1805 2749 1868 pro
2793 1805 2945 1868 quo-

604 1888 775 1970 libet,
819 1894 949 1955 tres
977 1889 1251 1972 ragatios
1279 1908 1392 1971 pro
1423 1887 1717 1972 quolibet,
1766 1908 1959 1954 unum
1988 1890 2317 1969 notarium,
2369 1908 2508 1955 cum
2539 1908 2662 1956 uno
2691 1889 2940 1969 famulo,

604 2010 797 2058 unum
838 1992 1343 2074 mareschalcum,
1406 1997 1471 2059 et
1520 2011 1711 2058 unum
1758 1993 2036 2073 cochum,
2096 1997 2162 2058 et
2205 2011 2394 2059 unum
2452 1997 2940 2076 expensatorem,

606 2099 673 2160 et
698 2113 891 2161 unum
930 2095 1345 2160 truzimanum
1388 2099 1455 2160 et
1499 2101 1627 2160 tres
1669 2113 1939 2174 saumas,
1984 2101 2049 2160 et
2092 2095 2334 2177 possint
2375 2098 2717 2179 expendere
2761 2097 2945 2162 duca-

604 2199 705 2262 tos
746 2197 956 2264 decem
1000 2197 1065 2262 in
1108 2197 1228 2278 die,
1289 2216 1412 2263 non
1458 2197 1831 2280 computatis
1875 2198 2106 2281 agozijs
2150 2216 2467 2280 equorum,
2536 2218 2648 2264 nec
2699 2198 2944 2265 nabulis

604 2299 1007 2383 navigiorum.
1096 2301 1185 2366 Et
1226 2305 1558 2366 teneantur
1597 2302 1881 2367 recedere
1924 2300 2088 2366 infra
2131 2302 2387 2368 terciam
2431 2302 2594 2368 diem
2639 2321 2778 2370 cum
2835 2303 2945 2368 illa

605 2402 1051 2483 commissione,
1107 2421 1228 2485 que
1271 2403 1361 2469 eis
1407 2401 1661 2468 dabitur
1701 2422 1813 2485 per
1854 2403 2023 2469 istud
2067 2403 2409 2470 consilium.
2498 2404 2584 2468 Et
2621 2405 2673 2469 si
2718 2422 2784 2469 se
2841 2424 2945 2469 ex-

604 2509 895 2572 cusarent
933 2503 1200 2571 deffectu
1241 2523 1519 2587 persone,
1588 2505 1900 2586 acceptari
1943 2524 2066 2570 non
2111 2505 2352 2585 debeat,
2421 2505 2540 2571 nisi
2603 2506 2943 2571 iuraverint

604 2628 716 2692 per
758 2613 1213 2674 sacramentum
1257 2607 1351 2673 ita
1392 2625 1545 2687 esse,
1611 2613 1677 2673 et
1718 2608 1889 2673 ultra
1931 2614 2406 2689 sacramentum,
2477 2610 2784 2690 acceptari
2839 2610 2943 2675 de-

604 2712 753 2779 beat
798 2732 910 2795 per
945 2712 1101 2779 duas
1147 2716 1361 2795 partes
1402 2711 1586 2777 istius
1626 2712 1881 2778 consilii.

907 2832 1002 2898 De
1044 2836 1224 2915 parte
1270 2835 1373 2898 84.

1420 2934 1621 3000 Electi
1664 2932 2120 2999 ambaxiatores

910 3057 1012 3103 ser
1052 3034 1329 3103 Thomas
1371 3036 1713 3119 Mozenigo,
1760 3041 2142 3119 procurator.

913 3158 1013 3205 ser
1056 3140 1367 3205 Antonius
1411 3138 1781 3221 Contaren0,
1820 3138 2130 3221 quondam
2174 3157 2290 3205 ser.
2335 3136 2583 3203 Marini.

1470 3356 1636 3377 Μ’

1702 3548 1843 3623 ΙΧ.

809 3737 966 3804 Cum
997 3737 1439 3805 Serenissimus
1480 3738 1766 3804 dominus
1796 3738 1931 3803 Rex
1967 3736 2222 3803 Polonie
2251 3735 2492 3801 miserit
2535 3736 2614 3801 ad
2657 3739 2941 3801 nostrum

602 3840 959 3921 dominium,
1010 3858 1201 3907 unum
1245 3860 1426 3906 suum
1467 3838 1759 3906 nuncium
1792 3859 1932 3905 cum
1974 3840 2174 3905 literis
2212 3840 2342 3905 suis
2384 3837 2787 3921 significando
2832 3855 2942 3902 no-

602 3941 698 4009 bis
735 3948 867 4009 tam
912 3948 1221 4025 oretenus,
1292 3963 1479 4028 quam
1520 3964 1632 4027 per
1672 3943 1908 4023 litem,
1977 3943 2139 4025 quod
2197 3942 2462 4009 libenter
2521 3942 2942 4023 interponeret

604 4064 688 4126 se,
754 4047 921 4112 inter
963 4046 1435 4113 Serenissimum
1482 4046 1798 4112 dominum
1841 4046 2070 4127 Regem
2130 4044 2467 4127 Hungarie‚
2536 4048 2600 4109 et
2659 4049 2940 4109 nostrum

600 4148 960 4229 dominium,
1022 4157 1088 4215 et
1128 4154 1459 4232 propterea
1502 4149 1666 4231 quod
1709 4148 1968 4213 velimus
2012 4148 2127 4213 sibi
2171 4148 2373 4213 facere
2415 4151 2648 4222 notum,
2715 4150 2780 4209 et
2832 4165 2941 4227 ap-

600 4251 803 4334 perire
836 4256 1105 4319 mentem
1134 4257 1432 4333 nostram,
1482 4250 1536 4316 si
1566 4269 1705 4317 cum
1734 4250 1984 4316 domino
2029 4250 2414 4333 Sigismondo
2452 4250 2621 4330 Rege
2667 4248 2940 4329 aliquam

601 4355 991 4423 concordiam
1034 4361 1101 4422 et
1142 4356 1320 4439 pacis
1362 4354 1573 4423 federa
1614 4355 1992 4421 intendimus
2033 4356 2323 4439 recipere,
2394 4355 2467 4419 ut
2509 4351 2942 4433 interponatur
