<?xml version="1.0" encoding="UTF-8"?>
<!DOCTYPE html PUBLIC "-//W3C//DTD XHTML 1.0 Transitional//EN"
    "http://www.w3.org/TR/xhtml1/DTD/xhtml1-transitional.dtd">
<html xmlns="http://www.w3.org/1999/xhtml" xml:lang="en" lang="en">
 <head>
  <title>
</title>
<meta http-equiv="Content-Type" content="text/html;charset=utf-8" />
  <meta name='ocr-system' content='tesseract 3.04.00' />
  <meta name='ocr-capabilities' content='ocr_page ocr_carea ocr_par ocr_line ocrx_word'/>
</head>
<body>
  <div class='ocr_page' id='page_1' title='image "./fontesrerumpolo00unkngoog_0109.png"; bbox 0 0 3793 5187; ppageno 0'>
   <div class='ocr_carea' id='block_1_1' title="bbox 1926 490 2050 555">
    <p class='ocr_par' dir='ltr' id='par_1_1' title="bbox 1926 490 2050 555">
     <span class='ocr_line' id='line_1_1' title="bbox 1926 490 2050 555; baseline 0.016 -2"><span class='ocrx_word' id='word_1_1' title='bbox 1926 490 2050 555; x_wconf 78' lang='lat'><strong>102</strong></span> 
     </span>
    </p>
   </div>
   <div class='ocr_carea' id='block_1_2' title="bbox 1786 578 2194 587">
    <p class='ocr_par' dir='ltr' id='par_1_2' title="bbox 1786 578 2194 587">
     <span class='ocr_line' id='line_1_2' title="bbox 1786 578 2194 587; baseline 0 0"><span class='ocrx_word' id='word_1_2' title='bbox 1786 578 2194 587; x_wconf 95' lang='lat' dir='ltr'><strong> </strong></span> 
     </span>
    </p>
   </div>
   <div class='ocr_carea' id='block_1_3' title="bbox 823 692 3157 2620">
    <p class='ocr_par' dir='ltr' id='par_1_3' title="bbox 823 692 3157 2620">
     <span class='ocr_line' id='line_1_3' title="bbox 830 692 3150 775; baseline -0.001 -18"><span class='ocrx_word' id='word_1_3' title='bbox 830 696 897 757; x_wconf 89' lang='lat' dir='ltr'><strong>et</strong></span> <span class='ocrx_word' id='word_1_4' title='bbox 940 710 1267 773; x_wconf 84' lang='lat' dir='ltr'><strong>consensu,</strong></span> <span class='ocrx_word' id='word_1_5' title='bbox 1327 693 1667 775; x_wconf 68' lang='lat' dir='ltr'><strong>provideas·</strong></span> <span class='ocrx_word' id='word_1_6' title='bbox 1714 696 1790 756; x_wconf 67' lang='lat' dir='ltr'><strong>:ul</strong></span> <span class='ocrx_word' id='word_1_7' title='bbox 1834 694 2304 759; x_wconf 72' lang='lat' dir='ltr'><strong>indemnitatem</strong></span> <span class='ocrx_word' id='word_1_8' title='bbox 2351 699 2712 758; x_wconf 87' lang='lat' dir='ltr'><strong>nostrorum</strong></span> <span class='ocrx_word' id='word_1_9' title='bbox 2757 692 3150 758; x_wconf 84' lang='lat' dir='ltr'><strong>subditorum</strong></span> 
     </span>
     <span class='ocr_line' id='line_1_4' title="bbox 829 793 3152 877; baseline -0.001 -18"><span class='ocrx_word' id='word_1_10' title='bbox 829 801 895 859; x_wconf 90' lang='lat' dir='ltr'><strong>et</strong></span> <span class='ocrx_word' id='word_1_11' title='bbox 948 797 1339 876; x_wconf 83' lang='lat' dir='ltr'><strong>navigiorum</strong></span> <span class='ocrx_word' id='word_1_12' title='bbox 1404 802 1627 861; x_wconf 86' lang='lat' dir='ltr'><strong>contra</strong></span> <span class='ocrx_word' id='word_1_13' title='bbox 1688 796 2010 877; x_wconf 83' lang='lat' dir='ltr'><strong>predictos</strong></span> <span class='ocrx_word' id='word_1_14' title='bbox 2069 797 2231 861; x_wconf 79' lang='lat' dir='ltr'><strong>tales</strong></span> <span class='ocrx_word' id='word_1_15' title='bbox 2291 796 2396 877; x_wconf 89' lang='lat' dir='ltr'><strong>qui</strong></span> <span class='ocrx_word' id='word_1_16' title='bbox 2458 793 2982 873; x_wconf 76' lang='lat' dir='ltr'><strong>damnificassent,</strong></span> <span class='ocrx_word' id='word_1_17' title='bbox 3035 811 3152 875; x_wconf 86' lang='lat' dir='ltr'><strong>per</strong></span> 
     </span>
     <span class='ocr_line' id='line_1_5' title="bbox 826 894 3152 981; baseline -0 -21"><span class='ocrx_word' id='word_1_18' title='bbox 826 896 970 961; x_wconf 85' lang='lat' dir='ltr'><strong>illos</strong></span> <span class='ocrx_word' id='word_1_19' title='bbox 1013 897 1232 963; x_wconf 90' lang='lat' dir='ltr'><strong>modos</strong></span> <span class='ocrx_word' id='word_1_20' title='bbox 1278 899 1385 979; x_wconf 91' lang='lat' dir='ltr'><strong>qui</strong></span> <span class='ocrx_word' id='word_1_21' title='bbox 1430 898 1633 963; x_wconf 91' lang='lat' dir='ltr'><strong>eidem</strong></span> <span class='ocrx_word' id='word_1_22' title='bbox 1678 898 1755 964; x_wconf 92' lang='lat' dir='ltr'><strong>R.</strong></span> <span class='ocrx_word' id='word_1_23' title='bbox 1796 898 1872 963; x_wconf 90' lang='lat' dir='ltr'><strong>D.</strong></span> <span class='ocrx_word' id='word_1_24' title='bbox 1923 898 2165 981; x_wconf 84' lang='lat' dir='ltr'><strong>Legato</strong></span> <span class='ocrx_word' id='word_1_25' title='bbox 2207 898 2648 964; x_wconf 85' lang='lat' dir='ltr'><strong>convenienter</strong></span> <span class='ocrx_word' id='word_1_26' title='bbox 2693 900 2760 962; x_wconf 87' lang='lat' dir='ltr'><strong>et</strong></span> <span class='ocrx_word' id='word_1_27' title='bbox 2805 894 3152 961; x_wconf 85' lang='lat' dir='ltr'><strong>rationabi-</strong></span> 
     </span>
     <span class='ocr_line' id='line_1_6' title="bbox 826 998 3152 1082; baseline 0 -19"><span class='ocrx_word' id='word_1_28' title='bbox 826 998 971 1063; x_wconf 84' lang='lat' dir='ltr'><strong>liter</strong></span> <span class='ocrx_word' id='word_1_29' title='bbox 1016 1000 1413 1081; x_wconf 86' lang='lat' dir='ltr'><strong>videbuntur,</strong></span> <span class='ocrx_word' id='word_1_30' title='bbox 1462 1000 1606 1067; x_wconf 89' lang='lat' dir='ltr'><strong>Non</strong></span> <span class='ocrx_word' id='word_1_31' title='bbox 1650 1001 1998 1067; x_wconf 87' lang='lat' dir='ltr'><strong>amittendo</strong></span> <span class='ocrx_word' id='word_1_32' title='bbox 2041 1008 2252 1066; x_wconf 86' lang='lat' dir='ltr'><strong>tamen</strong></span> <span class='ocrx_word' id='word_1_33' title='bbox 2287 1001 2554 1067; x_wconf 90' lang='lat' dir='ltr'><strong>multum</strong></span> <span class='ocrx_word' id='word_1_34' title='bbox 2579 999 2883 1082; x_wconf 83' lang='lat' dir='ltr'><strong>temporis</strong></span> <span class='ocrx_word' id='word_1_35' title='bbox 2909 999 2976 1063; x_wconf 90' lang='lat' dir='ltr'><strong>in</strong></span> <span class='ocrx_word' id='word_1_36' title='bbox 3004 1016 3152 1082; x_wconf 89' lang='lat' dir='ltr'><strong>pro-</strong></span> 
     </span>
     <span class='ocr_line' id='line_1_7' title="bbox 827 1102 3157 1184; baseline 0 -19"><span class='ocrx_word' id='word_1_37' title='bbox 827 1102 1148 1181; x_wconf 86' lang='lat' dir='ltr'><strong>sequendo</strong></span> <span class='ocrx_word' id='word_1_38' title='bbox 1178 1104 1341 1167; x_wconf 86' lang='lat' dir='ltr'><strong>viam</strong></span> <span class='ocrx_word' id='word_1_39' title='bbox 1371 1110 1562 1169; x_wconf 84' lang='lat' dir='ltr'><strong>tuam.</strong></span> <span class='ocrx_word' id='word_1_40' title='bbox 1633 1104 1994 1184; x_wconf 85' lang='lat' dir='ltr'><strong>Quoniam</strong></span> <span class='ocrx_word' id='word_1_41' title='bbox 2025 1105 2416 1169; x_wconf 88' lang='lat' dir='ltr'><strong>notissimum</strong></span> <span class='ocrx_word' id='word_1_42' title='bbox 2448 1103 2564 1169; x_wconf 92' lang='lat' dir='ltr'><strong>tibi</strong></span> <span class='ocrx_word' id='word_1_43' title='bbox 2598 1106 2716 1182; x_wconf 87' lang='lat' dir='ltr'><strong>est,</strong></span> <span class='ocrx_word' id='word_1_44' title='bbox 2749 1120 2889 1167; x_wconf 88' lang='lat' dir='ltr'><strong>cum</strong></span> <span class='ocrx_word' id='word_1_45' title='bbox 2919 1106 3157 1182; x_wconf 87' lang='lat' dir='ltr'><strong>quanta</strong></span> 
     </span>
     <span class='ocr_line' id='line_1_8' title="bbox 828 1203 3152 1289; baseline 0.001 -23"><span class='ocrx_word' id='word_1_46' title='bbox 828 1203 1128 1269; x_wconf 81' lang='lat' dir='ltr'><strong>dilatrone</strong></span> <span class='ocrx_word' id='word_1_47' title='bbox 1174 1210 1238 1270; x_wconf 92' lang='lat' dir='ltr'><strong>et</strong></span> <span class='ocrx_word' id='word_1_48' title='bbox 1283 1204 1673 1286; x_wconf 84' lang='lat' dir='ltr'><strong>difficultate,</strong></span> <span class='ocrx_word' id='word_1_49' title='bbox 1734 1208 1888 1272; x_wconf 82' lang='lat' dir='ltr'><strong>data</strong></span> <span class='ocrx_word' id='word_1_50' title='bbox 1938 1205 2131 1272; x_wconf 85' lang='lat' dir='ltr'><strong>fuerit</strong></span> <span class='ocrx_word' id='word_1_51' title='bbox 2191 1205 2509 1289; x_wconf 82' lang='lat' dir='ltr'><strong>expeditio</strong></span> <span class='ocrx_word' id='word_1_52' title='bbox 2569 1206 2766 1288; x_wconf 85' lang='lat' dir='ltr'><strong>galeis</strong></span> <span class='ocrx_word' id='word_1_53' title='bbox 2827 1203 3152 1287; x_wconf 55' lang='lat' dir='ltr'><strong>predictis</strong></span> 
     </span>
     <span class='ocr_line' id='line_1_9' title="bbox 824 1305 3156 1390; baseline 0 -21"><span class='ocrx_word' id='word_1_54' title='bbox 824 1305 1135 1388; x_wconf 88' lang='lat' dir='ltr'><strong>Intelligis</strong></span> <span class='ocrx_word' id='word_1_55' title='bbox 1192 1309 1400 1388; x_wconf 83' lang='lat' dir='ltr'><strong>etiam,</strong></span> <span class='ocrx_word' id='word_1_56' title='bbox 1463 1315 1763 1390; x_wconf 87' lang='lat' dir='ltr'><strong>quantum</strong></span> <span class='ocrx_word' id='word_1_57' title='bbox 1822 1308 2248 1375; x_wconf 87' lang='lat' dir='ltr'><strong>necessarium</strong></span> <span class='ocrx_word' id='word_1_58' title='bbox 2311 1310 2411 1389; x_wconf 83' lang='lat' dir='ltr'><strong>sit,</strong></span> <span class='ocrx_word' id='word_1_59' title='bbox 2466 1313 2540 1373; x_wconf 93' lang='lat' dir='ltr'><strong>ut</strong></span> <span class='ocrx_word' id='word_1_60' title='bbox 2590 1308 2885 1373; x_wconf 86' lang='lat' dir='ltr'><strong>celeriter</strong></span> <span class='ocrx_word' id='word_1_61' title='bbox 2933 1309 3156 1372; x_wconf 86' lang='lat' dir='ltr'><strong>contra</strong></span> 
     </span>
     <span class='ocr_line' id='line_1_10' title="bbox 828 1408 3155 1494; baseline 0.001 -22"><span class='ocrx_word' id='word_1_62' title='bbox 828 1408 1104 1475; x_wconf 91' lang='lat' dir='ltr'><strong>Teucros</strong></span> <span class='ocrx_word' id='word_1_63' title='bbox 1162 1428 1230 1475; x_wconf 91' lang='lat' dir='ltr'><strong>se</strong></span> <span class='ocrx_word' id='word_1_64' title='bbox 1290 1412 1679 1494; x_wconf 71' lang='lat' dir='ltr'><strong>repperiam,</strong></span> <span class='ocrx_word' id='word_1_65' title='bbox 1738 1411 2113 1477; x_wconf 87' lang='lat' dir='ltr'><strong>Mandamus</strong></span> <span class='ocrx_word' id='word_1_66' title='bbox 2157 1411 2293 1489; x_wconf 89' lang='lat' dir='ltr'><strong>tibi,</strong></span> <span class='ocrx_word' id='word_1_67' title='bbox 2361 1410 2530 1493; x_wconf 89' lang='lat' dir='ltr'><strong>quod</strong></span> <span class='ocrx_word' id='word_1_68' title='bbox 2569 1408 2942 1476; x_wconf 85' lang='lat' dir='ltr'><strong>solicitando</strong></span> <span class='ocrx_word' id='word_1_69' title='bbox 2988 1408 3155 1475; x_wconf 85' lang='lat' dir='ltr'><strong>viam</strong></span> 
     </span>
     <span class='ocr_line' id='line_1_11' title="bbox 826 1510 3154 1595; baseline 0.001 -21"><span class='ocrx_word' id='word_1_70' title='bbox 826 1516 1019 1589; x_wconf 83' lang='lat' dir='ltr'><strong>tuam,</strong></span> <span class='ocrx_word' id='word_1_71' title='bbox 1068 1512 1320 1593; x_wconf 86' lang='lat' dir='ltr'><strong>quando</strong></span> <span class='ocrx_word' id='word_1_72' title='bbox 1366 1514 1491 1579; x_wconf 90' lang='lat' dir='ltr'><strong>eris</strong></span> <span class='ocrx_word' id='word_1_73' title='bbox 1536 1512 1709 1591; x_wconf 84' lang='lat' dir='ltr'><strong>Pole‚</strong></span> <span class='ocrx_word' id='word_1_74' title='bbox 1770 1530 1909 1578; x_wconf 90' lang='lat' dir='ltr'><strong>cum</strong></span> <span class='ocrx_word' id='word_1_75' title='bbox 1952 1514 2209 1579; x_wconf 90' lang='lat' dir='ltr'><strong>licentia</strong></span> <span class='ocrx_word' id='word_1_76' title='bbox 2255 1512 2484 1595; x_wconf 87' lang='lat' dir='ltr'><strong>prefati</strong></span> <span class='ocrx_word' id='word_1_77' title='bbox 2523 1512 2598 1577; x_wconf 85' lang='lat' dir='ltr'><strong>R.</strong></span> <span class='ocrx_word' id='word_1_78' title='bbox 2643 1513 2722 1576; x_wconf 87' lang='lat' dir='ltr'><strong>D.</strong></span> <span class='ocrx_word' id='word_1_79' title='bbox 2768 1510 2997 1593; x_wconf 79' lang='lat' dir='ltr'><strong>Legati</strong></span> <span class='ocrx_word' id='word_1_80' title='bbox 3041 1511 3154 1577; x_wconf 65' lang='lat' dir='ltr'><strong>‹1oe</strong></span> 
     </span>
     <span class='ocr_line' id='line_1_12' title="bbox 828 1614 3152 1699; baseline 0 -22"><span class='ocrx_word' id='word_1_81' title='bbox 828 1632 1073 1678; x_wconf 87' lang='lat' dir='ltr'><strong>omnem</strong></span> <span class='ocrx_word' id='word_1_82' title='bbox 1118 1633 1373 1695; x_wconf 84' lang='lat' dir='ltr'><strong>operam</strong></span> <span class='ocrx_word' id='word_1_83' title='bbox 1442 1616 1801 1698; x_wconf 85' lang='lat' dir='ltr'><strong>attergandi</strong></span> <span class='ocrx_word' id='word_1_84' title='bbox 1874 1616 2091 1699; x_wconf 83' lang='lat' dir='ltr'><strong>galeas</strong></span> <span class='ocrx_word' id='word_1_85' title='bbox 2157 1616 2496 1698; x_wconf 85' lang='lat' dir='ltr'><strong>predictas,</strong></span> <span class='ocrx_word' id='word_1_86' title='bbox 2555 1622 2622 1682; x_wconf 90' lang='lat' dir='ltr'><strong>et</strong></span> <span class='ocrx_word' id='word_1_87' title='bbox 2679 1633 2788 1680; x_wconf 87' lang='lat' dir='ltr'><strong>eas</strong></span> <span class='ocrx_word' id='word_1_88' title='bbox 2834 1614 2994 1680; x_wconf 88' lang='lat' dir='ltr'><strong>bene</strong></span> <span class='ocrx_word' id='word_1_89' title='bbox 3036 1630 3152 1695; x_wconf 86' lang='lat' dir='ltr'><strong>po-</strong></span> 
     </span>
     <span class='ocr_line' id='line_1_13' title="bbox 824 1716 3153 1799; baseline 0 -19"><span class='ocrx_word' id='word_1_90' title='bbox 824 1716 1011 1781; x_wconf 91' lang='lat' dir='ltr'><strong>nendi</strong></span> <span class='ocrx_word' id='word_1_91' title='bbox 1040 1718 1104 1781; x_wconf 89' lang='lat' dir='ltr'><strong>in</strong></span> <span class='ocrx_word' id='word_1_92' title='bbox 1136 1718 1356 1783; x_wconf 87' lang='lat' dir='ltr'><strong>ordine</strong></span> <span class='ocrx_word' id='word_1_93' title='bbox 1386 1718 1741 1785; x_wconf 86' lang='lat' dir='ltr'><strong>hominibus</strong></span> <span class='ocrx_word' id='word_1_94' title='bbox 1772 1717 2224 1797; x_wconf 78' lang='lat' dir='ltr'><strong>deficientibuS‚</strong></span> <span class='ocrx_word' id='word_1_95' title='bbox 2272 1718 2424 1799; x_wconf 92' lang='lat' dir='ltr'><strong>quid</strong></span> <span class='ocrx_word' id='word_1_96' title='bbox 2470 1719 2520 1783; x_wconf 93' lang='lat' dir='ltr'><strong>si</strong></span> <span class='ocrx_word' id='word_1_97' title='bbox 2565 1718 2628 1783; x_wconf 91' lang='lat' dir='ltr'><strong>in</strong></span> <span class='ocrx_word' id='word_1_98' title='bbox 2666 1716 2826 1783; x_wconf 86' lang='lat' dir='ltr'><strong>Pola</strong></span> <span class='ocrx_word' id='word_1_99' title='bbox 2855 1716 2921 1780; x_wconf 90' lang='lat' dir='ltr'><strong>in</strong></span> <span class='ocrx_word' id='word_1_100' title='bbox 2949 1721 3153 1782; x_wconf 89' lang='lat' dir='ltr'><strong>totum</strong></span> 
     </span>
     <span class='ocr_line' id='line_1_14' title="bbox 823 1817 3154 1902; baseline 0 -20"><span class='ocrx_word' id='word_1_101' title='bbox 823 1818 1034 1885; x_wconf 84' lang='lat' dir='ltr'><strong>facere</strong></span> <span class='ocrx_word' id='word_1_102' title='bbox 1077 1837 1203 1884; x_wconf 90' lang='lat' dir='ltr'><strong>non</strong></span> <span class='ocrx_word' id='word_1_103' title='bbox 1260 1838 1503 1901; x_wconf 78' lang='lat' dir='ltr'><strong>possea,</strong></span> <span class='ocrx_word' id='word_1_104' title='bbox 1564 1839 1689 1885; x_wconf 88' lang='lat' dir='ltr'><strong>non</strong></span> <span class='ocrx_word' id='word_1_105' title='bbox 1733 1820 2079 1885; x_wconf 87' lang='lat' dir='ltr'><strong>amittendo</strong></span> <span class='ocrx_word' id='word_1_106' title='bbox 2123 1826 2371 1902; x_wconf 88' lang='lat' dir='ltr'><strong>tempus</strong></span> <span class='ocrx_word' id='word_1_107' title='bbox 2417 1819 2723 1900; x_wconf 87' lang='lat' dir='ltr'><strong>discedes,</strong></span> <span class='ocrx_word' id='word_1_108' title='bbox 2781 1817 3154 1884; x_wconf 86' lang='lat' dir='ltr'><strong>solicitando</strong></span> 
     </span>
     <span class='ocr_line' id='line_1_15' title="bbox 825 1918 3154 2003; baseline 0 -19"><span class='ocrx_word' id='word_1_109' title='bbox 825 1920 988 1985; x_wconf 85' lang='lat' dir='ltr'><strong>viam</strong></span> <span class='ocrx_word' id='word_1_110' title='bbox 1034 1925 1207 1985; x_wconf 89' lang='lat' dir='ltr'><strong>tuam</strong></span> <span class='ocrx_word' id='word_1_111' title='bbox 1241 1921 1621 2003; x_wconf 87' lang='lat' dir='ltr'><strong>Corphoum,</strong></span> <span class='ocrx_word' id='word_1_112' title='bbox 1662 1940 1787 2003; x_wconf 89' lang='lat' dir='ltr'><strong>quo</strong></span> <span class='ocrx_word' id='word_1_113' title='bbox 1827 1920 2093 1987; x_wconf 88' lang='lat' dir='ltr'><strong>celerius</strong></span> <span class='ocrx_word' id='word_1_114' title='bbox 2139 1940 2280 1987; x_wconf 85' lang='lat' dir='ltr'><strong>esse</strong></span> <span class='ocrx_word' id='word_1_115' title='bbox 2324 1920 2580 2003; x_wconf 88' lang='lat' dir='ltr'><strong>poterit,</strong></span> <span class='ocrx_word' id='word_1_116' title='bbox 2625 1919 2734 1985; x_wconf 91' lang='lat' dir='ltr'><strong>ubi</strong></span> <span class='ocrx_word' id='word_1_117' title='bbox 2779 1918 2970 1985; x_wconf 85' lang='lat' dir='ltr'><strong>etiam</strong></span> <span class='ocrx_word' id='word_1_118' title='bbox 3013 1938 3154 1987; x_wconf 90' lang='lat' dir='ltr'><strong>cum</strong></span> 
     </span>
     <span class='ocr_line' id='line_1_16' title="bbox 828 2020 3157 2106; baseline 0 -20"><span class='ocrx_word' id='word_1_119' title='bbox 828 2039 1134 2088; x_wconf 86' lang='lat' dir='ltr'><strong>consensu</strong></span> <span class='ocrx_word' id='word_1_120' title='bbox 1181 2024 1379 2105; x_wconf 88' lang='lat' dir='ltr'><strong>ipsius</strong></span> <span class='ocrx_word' id='word_1_121' title='bbox 1423 2023 1498 2088; x_wconf 92' lang='lat' dir='ltr'><strong>R.</strong></span> <span class='ocrx_word' id='word_1_122' title='bbox 1545 2023 1625 2088; x_wconf 93' lang='lat' dir='ltr'><strong>D.</strong></span> <span class='ocrx_word' id='word_1_123' title='bbox 1670 2023 1916 2105; x_wconf 84' lang='lat' dir='ltr'><strong>Legati,</strong></span> <span class='ocrx_word' id='word_1_124' title='bbox 1960 2029 2090 2089; x_wconf 87' lang='lat' dir='ltr'><strong>tam</strong></span> <span class='ocrx_word' id='word_1_125' title='bbox 2131 2022 2209 2089; x_wconf 92' lang='lat' dir='ltr'><strong>de</strong></span> <span class='ocrx_word' id='word_1_126' title='bbox 2253 2021 2626 2102; x_wconf 87' lang='lat' dir='ltr'><strong>hominibus,</strong></span> <span class='ocrx_word' id='word_1_127' title='bbox 2668 2023 2774 2106; x_wconf 89' lang='lat' dir='ltr'><strong>qui</strong></span> <span class='ocrx_word' id='word_1_128' title='bbox 2815 2020 3157 2087; x_wconf 87' lang='lat' dir='ltr'><strong>deficerent</strong></span> 
     </span>
     <span class='ocr_line' id='line_1_17' title="bbox 824 2123 3153 2210; baseline 0.001 -23"><span class='ocrx_word' id='word_1_129' title='bbox 824 2143 864 2188; x_wconf 86' lang='lat' dir='ltr'><strong>a</strong></span> <span class='ocrx_word' id='word_1_130' title='bbox 902 2124 1118 2205; x_wconf 83' lang='lat' dir='ltr'><strong>galeis,</strong></span> <span class='ocrx_word' id='word_1_131' title='bbox 1192 2144 1378 2207; x_wconf 86' lang='lat' dir='ltr'><strong>quam</strong></span> <span class='ocrx_word' id='word_1_132' title='bbox 1423 2127 1503 2192; x_wconf 90' lang='lat' dir='ltr'><strong>de</strong></span> <span class='ocrx_word' id='word_1_133' title='bbox 1543 2126 1858 2210; x_wconf 84' lang='lat' dir='ltr'><strong>panatica,</strong></span> <span class='ocrx_word' id='word_1_134' title='bbox 1929 2144 2051 2207; x_wconf 89' lang='lat' dir='ltr'><strong>que</strong></span> <span class='ocrx_word' id='word_1_135' title='bbox 2095 2126 2218 2193; x_wconf 91' lang='lat' dir='ltr'><strong>illis</strong></span> <span class='ocrx_word' id='word_1_136' title='bbox 2263 2144 2422 2208; x_wconf 91' lang='lat' dir='ltr'><strong>opus</strong></span> <span class='ocrx_word' id='word_1_137' title='bbox 2467 2132 2653 2205; x_wconf 82' lang='lat' dir='ltr'><strong>esset,</strong></span> <span class='ocrx_word' id='word_1_138' title='bbox 2722 2125 2938 2208; x_wconf 80' lang='lat' dir='ltr'><strong>galeas</strong></span> <span class='ocrx_word' id='word_1_139' title='bbox 2981 2123 3153 2207; x_wconf 82' lang='lat' dir='ltr'><strong>ipsas</strong></span> 
     </span>
     <span class='ocr_line' id='line_1_18' title="bbox 824 2225 3152 2311; baseline 0.001 -21"><span class='ocrx_word' id='word_1_140' title='bbox 824 2225 1044 2292; x_wconf 84' lang='lat' dir='ltr'><strong>fulcire</strong></span> <span class='ocrx_word' id='word_1_141' title='bbox 1106 2227 1408 2308; x_wconf 84' lang='lat' dir='ltr'><strong>studebiS,</strong></span> <span class='ocrx_word' id='word_1_142' title='bbox 1478 2248 1597 2311; x_wconf 88' lang='lat' dir='ltr'><strong>pro</strong></span> <span class='ocrx_word' id='word_1_143' title='bbox 1663 2230 1946 2311; x_wconf 89' lang='lat' dir='ltr'><strong>pecuniis</strong></span> <span class='ocrx_word' id='word_1_144' title='bbox 2006 2231 2156 2309; x_wconf 85' lang='lat' dir='ltr'><strong>suis,</strong></span> <span class='ocrx_word' id='word_1_145' title='bbox 2222 2230 2468 2297; x_wconf 85' lang='lat' dir='ltr'><strong>solicite</strong></span> <span class='ocrx_word' id='word_1_146' title='bbox 2513 2228 2893 2294; x_wconf 89' lang='lat' dir='ltr'><strong>discedendo</strong></span> <span class='ocrx_word' id='word_1_147' title='bbox 2945 2232 3010 2293; x_wconf 87' lang='lat' dir='ltr'><strong>et</strong></span> <span class='ocrx_word' id='word_1_148' title='bbox 3053 2244 3152 2293; x_wconf 83' lang='lat' dir='ltr'><strong>se-</strong></span> 
     </span>
     <span class='ocr_line' id='line_1_19' title="bbox 827 2330 3154 2423; baseline 0.001 -30"><span class='ocrx_word' id='word_1_149' title='bbox 827 2330 1074 2411; x_wconf 90' lang='lat' dir='ltr'><strong>quendo</strong></span> <span class='ocrx_word' id='word_1_150' title='bbox 1120 2330 1285 2396; x_wconf 86' lang='lat' dir='ltr'><strong>viam</strong></span> <span class='ocrx_word' id='word_1_151' title='bbox 1326 2338 1501 2397; x_wconf 88' lang='lat' dir='ltr'><strong>tuam</strong></span> <span class='ocrx_word' id='word_1_152' title='bbox 1542 2335 1652 2416; x_wconf 93' lang='lat'><strong>(—</strong></span> <span class='ocrx_word' id='word_1_153' title='bbox 1684 2332 2245 2399; x_wconf 88' lang='lat' dir='ltr'><strong>Commemorando</strong></span> <span class='ocrx_word' id='word_1_154' title='bbox 2277 2332 2392 2397; x_wconf 90' lang='lat' dir='ltr'><strong>tibi</strong></span> <span class='ocrx_word' id='word_1_155' title='bbox 2437 2331 2607 2413; x_wconf 88' lang='lat' dir='ltr'><strong>quod</strong></span> <span class='ocrx_word' id='word_1_156' title='bbox 2647 2350 2774 2397; x_wconf 87' lang='lat' dir='ltr'><strong>non</strong></span> <span class='ocrx_word' id='word_1_157' title='bbox 2797 2336 2899 2423; x_wconf 84' lang='lat' dir='ltr'><strong>est</strong></span> <span class='ocrx_word' id='word_1_158' title='bbox 2937 2334 3154 2396; x_wconf 85' lang='lat' dir='ltr'><strong>nostre</strong></span> 
     </span>
     <span class='ocr_line' id='line_1_20' title="bbox 824 2432 3152 2518; baseline 0.002 -23"><span class='ocrx_word' id='word_1_159' title='bbox 824 2432 1187 2498; x_wconf 87' lang='lat' dir='ltr'><strong>intentionis</strong></span> <span class='ocrx_word' id='word_1_160' title='bbox 1233 2452 1348 2499; x_wconf 90' lang='lat' dir='ltr'><strong>nec</strong></span> <span class='ocrx_word' id='word_1_161' title='bbox 1391 2435 1677 2501; x_wconf 87' lang='lat' dir='ltr'><strong>volumus</strong></span> <span class='ocrx_word' id='word_1_162' title='bbox 1745 2436 1914 2517; x_wconf 87' lang='lat' dir='ltr'><strong>quod</strong></span> <span class='ocrx_word' id='word_1_163' title='bbox 1981 2435 2109 2501; x_wconf 91' lang='lat' dir='ltr'><strong>ullo</strong></span> <span class='ocrx_word' id='word_1_164' title='bbox 2175 2440 2364 2518; x_wconf 89' lang='lat' dir='ltr'><strong>pacto</strong></span> <span class='ocrx_word' id='word_1_165' title='bbox 2426 2434 2808 2499; x_wconf 87' lang='lat' dir='ltr'><strong>diminuatur</strong></span> <span class='ocrx_word' id='word_1_166' title='bbox 2857 2450 3152 2499; x_wconf 84' lang='lat' dir='ltr'><strong>numerus</strong></span> 
     </span>
     <span class='ocr_line' id='line_1_21' title="bbox 824 2535 2763 2620; baseline -0.001 -20"><span class='ocrx_word' id='word_1_167' title='bbox 824 2538 968 2600; x_wconf 90' lang='lat' dir='ltr'><strong>octo</strong></span> <span class='ocrx_word' id='word_1_168' title='bbox 1016 2535 1353 2602; x_wconf 83' lang='lat' dir='ltr'><strong>Galeamm</strong></span> <span class='ocrx_word' id='word_1_169' title='bbox 1398 2537 1499 2604; x_wconf 87' lang='lat' dir='ltr'><strong>hic</strong></span> <span class='ocrx_word' id='word_1_170' title='bbox 1543 2545 1932 2605; x_wconf 85' lang='lat' dir='ltr'><strong>armatarum</strong></span> <span class='ocrx_word' id='word_1_171' title='bbox 1976 2544 2043 2605; x_wconf 93' lang='lat' dir='ltr'><strong>et</strong></span> <span class='ocrx_word' id='word_1_172' title='bbox 2087 2538 2201 2606; x_wconf 90' lang='lat' dir='ltr'><strong>tibi</strong></span> <span class='ocrx_word' id='word_1_173' title='bbox 2248 2536 2763 2620; x_wconf 88' lang='lat' dir='ltr'><strong>commissarum).</strong></span> 
     </span>
    </p>
   </div>
   <div class='ocr_carea' id='block_1_4' title="bbox 1127 2674 1809 2755">
    <p class='ocr_par' dir='ltr' id='par_1_4' title="bbox 1127 2674 1809 2755">
     <span class='ocr_line' id='line_1_22' title="bbox 1127 2674 1809 2755; baseline 0 -16"><span class='ocrx_word' id='word_1_174' title='bbox 1127 2674 1225 2740; x_wconf 91' lang='lat' dir='ltr'><strong>De</strong></span> <span class='ocrx_word' id='word_1_175' title='bbox 1270 2677 1453 2755; x_wconf 88' lang='lat' dir='ltr'><strong>parte</strong></span> <span class='ocrx_word' id='word_1_176' title='bbox 1500 2675 1581 2742; x_wconf 88' lang='lat'><strong>58</strong></span> <span class='ocrx_word' id='word_1_177' title='bbox 1605 2713 1685 2722; x_wconf 93' lang='lat'><strong>—</strong></span> <span class='ocrx_word' id='word_1_178' title='bbox 1710 2675 1809 2740; x_wconf 86' lang='lat'><strong>70.</strong></span> 
     </span>
    </p>
   </div>
   <div class='ocr_carea' id='block_1_5' title="bbox 820 2892 3152 3083">
    <p class='ocr_par' dir='ltr' id='par_1_5' title="bbox 820 2892 3152 3083">
     <span class='ocr_line' id='line_1_23' title="bbox 1018 2892 3152 2963; baseline -0.002 -1"><span class='ocrx_word' id='word_1_179' title='bbox 1018 2895 1137 2962; x_wconf 91' lang='lat' dir='ltr'><strong>Ser</strong></span> <span class='ocrx_word' id='word_1_180' title='bbox 1182 2897 1491 2963; x_wconf 87' lang='lat' dir='ltr'><strong>Antonius</strong></span> <span class='ocrx_word' id='word_1_181' title='bbox 1533 2896 1740 2963; x_wconf 91' lang='lat' dir='ltr'><strong>Diedo</strong></span> <span class='ocrx_word' id='word_1_182' title='bbox 1788 2896 2214 2963; x_wconf 69' lang='lat' dir='ltr'><strong>consiliarius</strong></span> <span class='ocrx_word' id='word_1_183' title='bbox 2283 2895 2438 2962; x_wconf 89' lang='lat' dir='ltr'><strong>Vult</strong></span> <span class='ocrx_word' id='word_1_184' title='bbox 2487 2892 3003 2961; x_wconf 88' lang='lat' dir='ltr'><strong>Commissionem</strong></span> <span class='ocrx_word' id='word_1_185' title='bbox 3047 2911 3152 2959; x_wconf 87' lang='lat' dir='ltr'><strong>su-</strong></span> 
     </span>
     <span class='ocr_line' id='line_1_24' title="bbox 820 2998 2504 3083; baseline -0.001 -20"><span class='ocrx_word' id='word_1_186' title='bbox 820 2998 1169 3080; x_wconf 87' lang='lat' dir='ltr'><strong>pradictam</strong></span> <span class='ocrx_word' id='word_1_187' title='bbox 1216 3017 1355 3064; x_wconf 91' lang='lat' dir='ltr'><strong>cum</strong></span> <span class='ocrx_word' id='word_1_188' title='bbox 1390 2998 1795 3083; x_wconf 80' lang='lat' dir='ltr'><strong>infrascripto</strong></span> <span class='ocrx_word' id='word_1_189' title='bbox 1843 2998 2135 3081; x_wconf 86' lang='lat' dir='ltr'><strong>Capitulo</strong></span> <span class='ocrx_word' id='word_1_190' title='bbox 2184 2998 2504 3065; x_wconf 87' lang='lat' dir='ltr'><strong>videlicet:</strong></span> 
     </span>
    </p>
   </div>
   <div class='ocr_carea' id='block_1_6' title="bbox 820 3135 3156 4038">
    <p class='ocr_par' dir='ltr' id='par_1_6' title="bbox 820 3135 3156 3919">
     <span class='ocr_line' id='line_1_25' title="bbox 1020 3135 3150 3220; baseline -0.001 -20"><span class='ocrx_word' id='word_1_191' title='bbox 1020 3135 1325 3202; x_wconf 88' lang='lat' dir='ltr'><strong>Volumus</strong></span> <span class='ocrx_word' id='word_1_192' title='bbox 1370 3141 1583 3203; x_wconf 88' lang='lat' dir='ltr'><strong>autem</strong></span> <span class='ocrx_word' id='word_1_193' title='bbox 1645 3137 1817 3220; x_wconf 89' lang='lat' dir='ltr'><strong>quod</strong></span> <span class='ocrx_word' id='word_1_194' title='bbox 1870 3138 2052 3203; x_wconf 85' lang='lat' dir='ltr'><strong>iuxta</strong></span> <span class='ocrx_word' id='word_1_195' title='bbox 2102 3135 2572 3217; x_wconf 86' lang='lat' dir='ltr'><strong>antiquissimos</strong></span> <span class='ocrx_word' id='word_1_196' title='bbox 2617 3152 2828 3200; x_wconf 85' lang='lat' dir='ltr'><strong>mores</strong></span> <span class='ocrx_word' id='word_1_197' title='bbox 2875 3137 3150 3213; x_wconf 85' lang='lat' dir='ltr'><strong>nostros,</strong></span> 
     </span>
     <span class='ocr_line' id='line_1_26' title="bbox 820 3234 3152 3322; baseline -0 -21"><span class='ocrx_word' id='word_1_198' title='bbox 820 3234 1173 3304; x_wconf 86' lang='lat' dir='ltr'><strong>hominibus</strong></span> <span class='ocrx_word' id='word_1_199' title='bbox 1226 3247 1370 3304; x_wconf 88' lang='lat' dir='ltr'><strong>octo</strong></span> <span class='ocrx_word' id='word_1_200' title='bbox 1415 3239 1739 3322; x_wconf 87' lang='lat' dir='ltr'><strong>galearum</strong></span> <span class='ocrx_word' id='word_1_201' title='bbox 1794 3239 2025 3322; x_wconf 83' lang='lat' dir='ltr'><strong>prefati</strong></span> <span class='ocrx_word' id='word_1_202' title='bbox 2077 3239 2314 3306; x_wconf 89' lang='lat' dir='ltr'><strong>Summi</strong></span> <span class='ocrx_word' id='word_1_203' title='bbox 2358 3236 2686 3304; x_wconf 89' lang='lat' dir='ltr'><strong>Pontificis</strong></span> <span class='ocrx_word' id='word_1_204' title='bbox 2731 3237 2834 3303; x_wconf 87' lang='lat' dir='ltr'><strong>hic</strong></span> <span class='ocrx_word' id='word_1_205' title='bbox 2877 3240 3152 3302; x_wconf 83' lang='lat' dir='ltr'><strong>armata-</strong></span> 
     </span>
     <span class='ocr_line' id='line_1_27' title="bbox 820 3337 3151 3422; baseline 0 -19"><span class='ocrx_word' id='word_1_206' title='bbox 820 3358 959 3404; x_wconf 84' lang='lat' dir='ltr'><strong>rum</strong></span> <span class='ocrx_word' id='word_1_207' title='bbox 1015 3341 1112 3406; x_wconf 88' lang='lat' dir='ltr'><strong>ius</strong></span> <span class='ocrx_word' id='word_1_208' title='bbox 1158 3347 1225 3406; x_wconf 92' lang='lat' dir='ltr'><strong>et</strong></span> <span class='ocrx_word' id='word_1_209' title='bbox 1265 3341 1583 3408; x_wconf 89' lang='lat' dir='ltr'><strong>iusticiam</strong></span> <span class='ocrx_word' id='word_1_210' title='bbox 1640 3341 1835 3409; x_wconf 85' lang='lat' dir='ltr'><strong>facias</strong></span> <span class='ocrx_word' id='word_1_211' title='bbox 1890 3348 2022 3408; x_wconf 91' lang='lat' dir='ltr'><strong>tam</strong></span> <span class='ocrx_word' id='word_1_212' title='bbox 2067 3342 2132 3406; x_wconf 90' lang='lat' dir='ltr'><strong>in</strong></span> <span class='ocrx_word' id='word_1_213' title='bbox 2177 3341 2464 3407; x_wconf 88' lang='lat' dir='ltr'><strong>civilibus</strong></span> <span class='ocrx_word' id='word_1_214' title='bbox 2519 3359 2709 3422; x_wconf 88' lang='lat' dir='ltr'><strong>quam</strong></span> <span class='ocrx_word' id='word_1_215' title='bbox 2753 3340 2820 3405; x_wconf 89' lang='lat' dir='ltr'><strong>in</strong></span> <span class='ocrx_word' id='word_1_216' title='bbox 2862 3337 3151 3405; x_wconf 88' lang='lat' dir='ltr'><strong>crimina-</strong></span> 
     </span>
     <span class='ocr_line' id='line_1_28' title="bbox 822 3441 3156 3526; baseline 0 -20"><span class='ocrx_word' id='word_1_217' title='bbox 822 3441 987 3508; x_wconf 90' lang='lat' dir='ltr'><strong>libus</strong></span> <span class='ocrx_word' id='word_1_218' title='bbox 1052 3447 1117 3508; x_wconf 91' lang='lat' dir='ltr'><strong>et</strong></span> <span class='ocrx_word' id='word_1_219' title='bbox 1182 3443 1472 3509; x_wconf 88' lang='lat' dir='ltr'><strong>similiter</strong></span> <span class='ocrx_word' id='word_1_220' title='bbox 1536 3443 1732 3510; x_wconf 82' lang='lat' dir='ltr'><strong>facias</strong></span> <span class='ocrx_word' id='word_1_221' title='bbox 1798 3462 1955 3526; x_wconf 89' lang='lat' dir='ltr'><strong>erga</strong></span> <span class='ocrx_word' id='word_1_222' title='bbox 2020 3443 2304 3510; x_wconf 87' lang='lat' dir='ltr'><strong>homines</strong></span> <span class='ocrx_word' id='word_1_223' title='bbox 2367 3443 2634 3508; x_wconf 85' lang='lat' dir='ltr'><strong>aliarum</strong></span> <span class='ocrx_word' id='word_1_224' title='bbox 2698 3441 3024 3525; x_wconf 87' lang='lat' dir='ltr'><strong>galearum</strong></span> <span class='ocrx_word' id='word_1_225' title='bbox 3086 3445 3156 3506; x_wconf 88' lang='lat' dir='ltr'><strong>et</strong></span> 
     </span>
     <span class='ocr_line' id='line_1_29' title="bbox 821 3542 3152 3629; baseline -0 -20"><span class='ocrx_word' id='word_1_226' title='bbox 821 3543 1149 3624; x_wconf 83' lang='lat' dir='ltr'><strong>fustarum,</strong></span> <span class='ocrx_word' id='word_1_227' title='bbox 1212 3563 1337 3628; x_wconf 89' lang='lat' dir='ltr'><strong>que</strong></span> <span class='ocrx_word' id='word_1_228' title='bbox 1395 3555 1615 3612; x_wconf 85' lang='lat' dir='ltr'><strong>nostro</strong></span> <span class='ocrx_word' id='word_1_229' title='bbox 1672 3547 1922 3612; x_wconf 87' lang='lat' dir='ltr'><strong>nomine</strong></span> <span class='ocrx_word' id='word_1_230' title='bbox 1967 3565 2038 3613; x_wconf 89' lang='lat' dir='ltr'><strong>se</strong></span> <span class='ocrx_word' id='word_1_231' title='bbox 2084 3547 2442 3629; x_wconf 86' lang='lat' dir='ltr'><strong>reperirent</strong></span> <span class='ocrx_word' id='word_1_232' title='bbox 2491 3545 2574 3610; x_wconf 87' lang='lat' dir='ltr'><strong>ad</strong></span> <span class='ocrx_word' id='word_1_233' title='bbox 2627 3542 2989 3626; x_wconf 66' lang='lat' dir='ltr'><strong>impr-esiam</strong></span> <span class='ocrx_word' id='word_1_234' title='bbox 3045 3559 3152 3608; x_wconf 84' lang='lat' dir='ltr'><strong>su-</strong></span> 
     </span>
     <span class='ocr_line' id='line_1_30' title="bbox 820 3644 3151 3732; baseline -0.001 -22"><span class='ocrx_word' id='word_1_235' title='bbox 820 3647 1229 3730; x_wconf 84' lang='lat' dir='ltr'><strong>prasciptam,</strong></span> <span class='ocrx_word' id='word_1_236' title='bbox 1292 3648 1369 3713; x_wconf 88' lang='lat' dir='ltr'><strong>de</strong></span> <span class='ocrx_word' id='word_1_237' title='bbox 1414 3667 1541 3732; x_wconf 90' lang='lat' dir='ltr'><strong>qua</strong></span> <span class='ocrx_word' id='word_1_238' title='bbox 1584 3648 1837 3728; x_wconf 89' lang='lat' dir='ltr'><strong>quidem</strong></span> <span class='ocrx_word' id='word_1_239' title='bbox 1894 3647 2293 3714; x_wconf 80' lang='lat' dir='ltr'><strong>institutione</strong></span> <span class='ocrx_word' id='word_1_240' title='bbox 2341 3653 2564 3712; x_wconf 87' lang='lat' dir='ltr'><strong>nostra</strong></span> <span class='ocrx_word' id='word_1_241' title='bbox 2601 3651 2904 3726; x_wconf 84' lang='lat' dir='ltr'><strong>tanquam</strong></span> <span class='ocrx_word' id='word_1_242' title='bbox 2954 3644 3151 3711; x_wconf 85' lang='lat' dir='ltr'><strong>ratio-</strong></span> 
     </span>
     <span class='ocr_line' id='line_1_31' title="bbox 822 3744 3152 3832; baseline -0 -20"><span class='ocrx_word' id='word_1_243' title='bbox 822 3748 1019 3814; x_wconf 90' lang='lat' dir='ltr'><strong>nabili</strong></span> <span class='ocrx_word' id='word_1_244' title='bbox 1076 3756 1143 3816; x_wconf 88' lang='lat' dir='ltr'><strong>et</strong></span> <span class='ocrx_word' id='word_1_245' title='bbox 1196 3749 1467 3816; x_wconf 84' lang='lat' dir='ltr'><strong>honesta</strong></span> <span class='ocrx_word' id='word_1_246' title='bbox 1524 3750 1753 3816; x_wconf 84' lang='lat' dir='ltr'><strong>scimus</strong></span> <span class='ocrx_word' id='word_1_247' title='bbox 1810 3747 2126 3832; x_wconf 86' lang='lat' dir='ltr'><strong>prefatum</strong></span> <span class='ocrx_word' id='word_1_248' title='bbox 2183 3749 2260 3816; x_wconf 89' lang='lat' dir='ltr'><strong>R.</strong></span> <span class='ocrx_word' id='word_1_249' title='bbox 2305 3750 2382 3815; x_wconf 91' lang='lat' dir='ltr'><strong>D.</strong></span> <span class='ocrx_word' id='word_1_250' title='bbox 2427 3749 2736 3832; x_wconf 78' lang='lat' dir='ltr'><strong>Legatum</strong></span> <span class='ocrx_word' id='word_1_251' title='bbox 2795 3763 2938 3814; x_wconf 87' lang='lat' dir='ltr'><strong>esse</strong></span> <span class='ocrx_word' id='word_1_252' title='bbox 2989 3744 3152 3813; x_wconf 82' lang='lat' dir='ltr'><strong>bene</strong></span> 
     </span>
     <span class='ocr_line' id='line_1_32' title="bbox 824 3854 1203 3919; baseline 0.008 -6"><span class='ocrx_word' id='word_1_253' title='bbox 824 3854 1203 3919; x_wconf 85' lang='lat' dir='ltr'><strong>contentum.</strong></span> 
     </span>
    </p>

    <p class='ocr_par' dir='ltr' id='par_1_7' title="bbox 1126 3954 1806 4038">
     <span class='ocr_line' id='line_1_33' title="bbox 1126 3954 1806 4038; baseline 0 -18"><span class='ocrx_word' id='word_1_254' title='bbox 1126 3954 1224 4021; x_wconf 92' lang='lat' dir='ltr'><strong>De</strong></span> <span class='ocrx_word' id='word_1_255' title='bbox 1267 3959 1454 4038; x_wconf 88' lang='lat' dir='ltr'><strong>parte</strong></span> <span class='ocrx_word' id='word_1_256' title='bbox 1494 3957 1579 4020; x_wconf 82' lang='lat'><strong>44</strong></span> <span class='ocrx_word' id='word_1_257' title='bbox 1598 3992 1685 4004; x_wconf 96' lang='lat'>—</span> <span class='ocrx_word' id='word_1_258' title='bbox 1704 3957 1806 4022; x_wconf 87' lang='lat'><strong>53.</strong></span> 
     </span>
    </p>
   </div>
   <div class='ocr_carea' id='block_1_7' title="bbox 824 4167 3152 4466">
    <p class='ocr_par' dir='ltr' id='par_1_8' title="bbox 824 4167 3152 4466">
     <span class='ocr_line' id='line_1_34' title="bbox 1029 4167 3149 4258; baseline -0.003 -16"><span class='ocrx_word' id='word_1_259' title='bbox 1029 4175 1145 4242; x_wconf 89' lang='lat' dir='ltr'><strong>Ser</strong></span> <span class='ocrx_word' id='word_1_260' title='bbox 1190 4176 1410 4243; x_wconf 90' lang='lat' dir='ltr'><strong>Victor</strong></span> <span class='ocrx_word' id='word_1_261' title='bbox 1448 4167 1697 4241; x_wconf 81' lang='lat' dir='ltr'><strong>Del&#39;fino</strong></span> <span class='ocrx_word' id='word_1_262' title='bbox 1746 4176 1955 4258; x_wconf 87' lang='lat' dir='ltr'><strong>Caput</strong></span> <span class='ocrx_word' id='word_1_263' title='bbox 1997 4177 2076 4241; x_wconf 90' lang='lat' dir='ltr'><strong>de</strong></span> <span class='ocrx_word' id='word_1_264' title='bbox 2119 4175 2250 4242; x_wconf 89' lang='lat' dir='ltr'><strong>XL.</strong></span> <span class='ocrx_word' id='word_1_265' title='bbox 2317 4175 2472 4242; x_wconf 87' lang='lat' dir='ltr'><strong>Vult</strong></span> <span class='ocrx_word' id='word_1_266' title='bbox 2515 4175 2704 4240; x_wconf 84' lang='lat' dir='ltr'><strong>etiam</strong></span> <span class='ocrx_word' id='word_1_267' title='bbox 2752 4170 3149 4239; x_wconf 85' lang='lat' dir='ltr'><strong>Commissio-</strong></span> 
     </span>
     <span class='ocr_line' id='line_1_35' title="bbox 824 4272 3152 4362; baseline -0.002 -19"><span class='ocrx_word' id='word_1_268' title='bbox 824 4297 968 4345; x_wconf 88' lang='lat' dir='ltr'><strong>nem</strong></span> <span class='ocrx_word' id='word_1_269' title='bbox 1032 4279 1485 4362; x_wconf 88' lang='lat' dir='ltr'><strong>antescriptam</strong></span> <span class='ocrx_word' id='word_1_270' title='bbox 1550 4297 1689 4344; x_wconf 91' lang='lat' dir='ltr'><strong>cum</strong></span> <span class='ocrx_word' id='word_1_271' title='bbox 1756 4277 1876 4344; x_wconf 86' lang='lat' dir='ltr'><strong>hoc</strong></span> <span class='ocrx_word' id='word_1_272' title='bbox 1945 4278 2114 4360; x_wconf 92' lang='lat' dir='ltr'><strong>quod</strong></span> <span class='ocrx_word' id='word_1_273' title='bbox 2179 4277 2261 4344; x_wconf 83' lang='lat' dir='ltr'><strong>ad</strong></span> <span class='ocrx_word' id='word_1_274' title='bbox 2321 4277 2678 4360; x_wconf 85' lang='lat' dir='ltr'><strong>Capitulum</strong></span> <span class='ocrx_word' id='word_1_275' title='bbox 2737 4279 2781 4340; x_wconf 85' lang='lat'>4</span> <span class='ocrx_word' id='word_1_276' title='bbox 2837 4272 3152 4340; x_wconf 86' lang='lat' dir='ltr'><strong>addantur</strong></span> 
     </span>
     <span class='ocr_line' id='line_1_36' title="bbox 824 4375 3151 4466; baseline -0.003 -17"><span class='ocrx_word' id='word_1_277' title='bbox 824 4379 1023 4450; x_wconf 80' lang='lat' dir='ltr'><strong>verba</strong></span> <span class='ocrx_word' id='word_1_278' title='bbox 1080 4379 1500 4466; x_wconf 82' lang='lat' dir='ltr'><strong>infrascripta,</strong></span> <span class='ocrx_word' id='word_1_279' title='bbox 1560 4379 1879 4448; x_wconf 87' lang='lat' dir='ltr'><strong>videlicet:</strong></span> <span class='ocrx_word' id='word_1_280' title='bbox 1945 4379 2244 4446; x_wconf 87' lang='lat' dir='ltr'><strong>Similiter</strong></span> <span class='ocrx_word' id='word_1_281' title='bbox 2287 4397 2412 4445; x_wconf 91' lang='lat' dir='ltr'><strong>non</strong></span> <span class='ocrx_word' id='word_1_282' title='bbox 2450 4382 2550 4445; x_wconf 86' lang='lat' dir='ltr'><strong>est</strong></span> <span class='ocrx_word' id='word_1_283' title='bbox 2588 4382 2808 4446; x_wconf 87' lang='lat' dir='ltr'><strong>nostre</strong></span> <span class='ocrx_word' id='word_1_284' title='bbox 2852 4375 3151 4444; x_wconf 87' lang='lat' dir='ltr'><strong>intentio-</strong></span> 
     </span>
    </p>
   </div>
  </div>
 </body>
</html>
