3793 5187
1991 647 2111 712 188

1849 919 2230 998 LXXXI.

1387 1074 1874 1146 mcccckxxvn.
1912 1076 2009 1144 die
2050 1077 2205 1144 ΧνΙΙ.
2246 1076 2472 1146 nimis
2513 1077 2726 1146 martii.

1026 1247 1163 1315 Ser.
1205 1246 1439 1313 Iacobo
1485 1247 1565 1314 de
1600 1244 1818 1312 Medio
1863 1244 2117 1312 Oratori
2160 1249 2379 1314 nostro
2424 1245 2489 1311 in
2536 1245 2815 1314 Romana
2861 1247 3073 1314 Curia.

1077 1367 1251 1436 Nota
1293 1371 1390 1434 est
1433 1365 1610 1434 vobis
1677 1385 1829 1432 cura
1892 1370 1958 1432 et
2019 1365 2351 1432 soiicitudo
2412 1371 2632 1433 nostra
2690 1385 2898 1434 rerum
2942 1369 3219 1434 omnium

860 1471 1372 1546 christianarum,
1401 1470 1512 1536 sed
1542 1488 1755 1534 earum
1784 1468 2134 1552 presertim,
2164 1487 2286 1551 que
2313 1468 2379 1534 in
2407 1474 2742 1553 utramque
2771 1475 3035 1553 partem,
3068 1470 3219 1537 mali

867 1575 1107 1644 scilicet
1151 1580 1218 1640 et
1259 1573 1406 1641 boni
1449 1591 1743 1657 magnum
1771 1570 2008 1638 habent
2044 1575 2444 1653 momentum,
2489 1571 2653 1639 sicut
2696 1571 2929 1639 habere
2972 1591 3218 1657 semper

869 1678 1360 1746 existimavimus
1405 1675 1790 1758 provinciam
1828 1673 2161 1755 Moldavie,
2203 1678 2270 1739 et
2312 1678 2550 1740 statum
2592 1674 3008 1742 Illustrissimi
3048 1676 3217 1760 Vay-

870 1783 1030 1849 vode
1071 1785 1138 1846 et
1179 1777 1416 1847 domini
1463 1776 1650 1843 illius.
1719 1776 1894 1842 Nota
1940 1780 2039 1842 est
2081 1775 2408 1858 diligentia
2450 1785 2515 1842 et
2556 1795 2751 1860 opera
2790 1797 2905 1861 per
2947 1796 3061 1845 nos
3105 1780 3214 1844 ad-

864 1885 1084 1963 hibita,
1147 1887 1221 1948 ut
1287 1881 1493 1948 eidem
1535 1879 1831 1962 Vayvode
1883 1878 2227 1945 subsidium
2275 1881 2690 1960 prestaretur:
2738 1885 2869 1947 tam
2910 1882 2988 1947 de
3032 1899 3215 1964 pecu·

868 1987 990 2072 niis
1018 1985 1274 2066 decime,
1322 2001 1478 2066 quas
1522 1981 1591 2048 in
1631 1981 2022 2066 Hungariam
2051 1981 2284 2048 detulit
2310 1981 2656 2065 Episcopus
2683 1981 2983 2064 reatinuS,
3028 2001 3215 2066 quam

872 2089 952 2154 de
993 2087 1277 2171 pecuniis
1342 2083 1850 2153 contributionis:
1917 2084 2005 2149 Et
2047 2083 2301 2149 tandem
2360 2087 2691 2150 contentus
2756 2083 2878 2150 fuit
2924 2083 3213 2152 Summus

869 2189 1148 2274 pontifex
1193 2198 1257 2255 et
1301 2189 1502 2255 eidem
1532 2187 1828 2272 Vayvode
1871 2187 2161 2270 promisit
2205 2186 2531 2253 subvenire
2565 2187 2624 2253 ei
2654 2187 2731 2254 de
2760 2189 3039 2270 pecuniis
3066 2207 3212 2256 con·

862 2291 1266 2360 tributionis:
1306 2291 1494 2375 idque
1535 2290 1852 2357 consensit
1899 2290 2089 2356 etiam
2133 2290 2307 2373 regia
2337 2290 2637 2356 Maiestas
2675 2291 3017 2374 Hungarie,
3062 2292 3211 2358 dum

867 2397 933 2463 in
980 2395 1308 2480 Hungaria
1349 2400 1518 2461 esset
1559 2393 1912 2478 Episcopus
1953 2391 2278 2474 Reatinus,
2331 2391 2440 2475 qui
2478 2392 2855 2460 beatitudini
2894 2394 3211 2462 antedicte

865 2503 1077 2583 potest
1116 2498 1181 2565 id
1227 2498 1465 2565 clarum
1502 2495 1729 2562 facere.
1817 2494 1951 2561 Nes
1996 2499 2207 2561 autem
2251 2500 2553 2578 quantum
2598 2496 2664 2562 in
2706 2496 2889 2563 nobis
2938 2496 3061 2562 fuit
3104 2515 3206 2562 co·

865 2622 1002 2671 ram
1048 2622 1188 2669 cum
1232 2598 1586 2667 oratoribus
1630 2599 2040 2682 suprascripti
2086 2598 2405 2684 Vayvode,
2449 2600 2596 2665 dum
2641 2601 2808 2684 apud
2850 2619 2967 2668 nos
3010 2600 3207 2667 fuere:

855 2709 1084 2790 postea
1125 2723 1238 2787 per
1281 2702 1732 2785 expositionem
1774 2702 2185 2769 Hemanuelis
2221 2700 2560 2769 Secretarii
2605 2704 2823 2783 nostri,
2866 2722 3052 2787 quem
3084 2721 3210 2769 una

855 2828 1000 2875 cum
1044 2807 1340 2891 predictis
1407 2805 1763 2873 oratoribus
1829 2808 1898 2871 in
1943 2805 2323 2872 Moldaviam
2378 2805 2692 2871 misimus:
2756 2810 2821 2873 et
2862 2808 3210 2889 complures

857 2912 1212 2980 successive
1250 2910 1333 2977 ad
1377 2928 1518 2975 eum
1566 2908 1784 2975 literas
1840 2914 2091 2975 nostras
2156 2909 2433 2975 studiose
2501 2909 2877 2992 quesivimus
2941 2909 3210 2975 retinere

856 3014 1225 3099 Vayvodam
1267 3011 1619 3095 predictum
1666 3011 1735 3076 in
1777 3011 2109 3077 devotione
2150 3015 2218 3077 et
2258 3030 2384 3093 spe,
2450 3029 2531 3077 ne
2596 3030 2739 3077 cum
2778 3010 3027 3077 Turcho
3066 3029 3209 3094 par-

858 3118 1050 3183 titum
1096 3120 1376 3199 caperet;
1417 3113 1504 3179 Et
1547 3112 1842 3198 quicquid
1895 3114 1975 3179 de
2015 3118 2294 3195 tempore
2337 3113 2401 3178 in
2444 3118 2690 3195 tempus
2732 3113 2811 3179 de
2853 3113 3039 3179 rebus
3084 3114 3208 3179 illis

853 3219 1207 3303 accepimus
1254 3216 1510 3284 Summo
1555 3216 1834 3299 pontifici
1882 3216 2371 3283 declaravimus:
2418 3215 2637 3297 Nuper
2676 3234 2822 3281 vero
2865 3215 2946 3282 ab
2988 3216 3206 3283 eodem

863 3320 1246 3389 Hemanuele
1299 3319 1654 3403 accepimus
1696 3319 1914 3385 literas
1956 3318 2346 3385 existimatas
2389 3336 2429 3383 a
2469 3316 2650 3384 nobis
2702 3336 2890 3400 quam
2936 3320 3207 3386 maxime

859 3424 1290 3507 importantie:
1343 3422 1647 3507 quoniam
1691 3421 1972 3487 videmus
2014 3420 2381 3505 Vayvodam
2422 3419 2625 3503 ipsum
2669 3438 2795 3486 non
2838 3420 3038 3487 solum
3075 3422 3208 3505 spei

865 3525 1135 3610 amplius
1179 3544 1304 3591 non
1343 3525 1596 3591 credere
1635 3514 1761 3589 ⁴sed
1822 3526 1888 3588 in
1946 3524 2380 3605 desperatione
2435 3522 2876 3605 propemodum
2920 3541 3057 3590 esse
3098 3524 3206 3591 de-

865 3629 1142 3711 ductum,
1213 3628 1380 3695 sicut
1445 3645 1561 3710 per
1626 3626 1936 3693 inclusum
1982 3625 2331 3708 exemplum
2373 3624 2755 3709 intelligetis,
2816 3628 2881 3690 et
2920 3626 3206 3692 volumus

857 3730 1160 3813 vobisque
1203 3731 1591 3812 mandamuS,
1652 3734 1726 3795 ut
1778 3728 2051 3810 receptis
2102 3726 2498 3811 presentibus
2541 3726 2838 3811 evestigio
2880 3728 3020 3795 sitis
3064 3747 3205 3795 cum

860 3832 1117 3899 Summo
1154 3831 1449 3916 pontifice
1494 3831 1594 3897 cui
1639 3835 1890 3899 ostenso
1936 3830 2295 3914 supradicto
2352 3829 2632 3911 exemplo
2675 3837 3017 3897 memorate
3058 3850 3204 3915 ope-

856 3954 992 4003 ram
1036 3939 1103 4002 et
1150 3934 1432 4002 studium
1467 3932 1735 4001 antehac
1777 3954 1890 4018 per
1933 3951 2049 4000 nos
2093 3932 2441 3999 adhibitum
2484 3950 2601 4015 pro
2646 3931 2948 4001 firmando
2992 3938 3057 4000 et
3099 3951 3204 4000 su-

847 4040 1145 4107 stinendo
1206 4036 1635 4121 suprascripto
1679 4037 1981 4121 Vayvoda
2039 4036 2421 4119 processisse
2466 4056 2507 4102 a
2556 4035 3051 4105 consideratione
3093 4055 3201 4121 pe-

846 4142 1042 4209 riculi
1085 4139 1350 4207 alicuius
1399 4140 1610 4223 magni
1652 4140 2013 4207 detrimenti
2056 4143 2124 4205 et
2166 4140 2364 4205 cladis
2407 4139 2584 4222 regni
2612 4138 2951 4221 Hungarie,
2997 4142 3064 4205 et
3103 4157 3201 4205 ce·

849 4250 1135 4311 terarum
1158 4260 1371 4309 rerum
1409 4241 1920 4322 christianarum,
1960 4242 2210 4325 quando
2239 4241 2541 4326 Vayvoda
2581 4241 2716 4324 ipse
2745 4245 2996 4308 coactus
3036 4248 3202 4308 esset

847 4351 966 4413 aut
1007 4343 1248 4413 viribus
1296 4344 1483 4411 Turci
1527 4344 1951 4426 succumbere,
2018 4351 2131 4411 aut
2185 4362 2397 4411 secum
2443 4361 2665 4427 capere
2702 4344 3093 4409 conditiones
3134 4351 3200 4411 et

855 4450 1178 4531 partitum.
1239 4448 1359 4515 Est
1388 4432 1554 4515 enim
1597 4452 1803 4513 status
1848 4447 2023 4513 illius
2068 4453 2255 4529 porta
2299 4444 2796 4513 commodissima
2838 4446 2921 4513 ad
2962 4446 3201 4529 ingres-

857 4570 1002 4619 sum
1045 4558 1111 4619 et
1145 4552 1533 4620 invasionem
1597 4551 1929 4634 utriusque
1972 4550 2151 4634 regni
2187 4548 2446 4617 Polonie
2489 4548 2728 4617 scilicet
2768 4551 2834 4615 et
2877 4547 3201 4634 Hungarie
