3793 5187
1783 433 1865 505 29

667 643 981 712 catoribus
1024 644 1257 711 nostris
1298 645 1854 711 conversantibus
1836 664 1902 711 m
1933 645 2084 713 locis
2113 643 2512 727 Turchorum‚
2559 664 2678 729 que
2722 644 2990 760 provisio

658 748 975 830 galearum
1016 746 1248 813 habeat
1290 746 1490 813 locum
1536 747 1590 814 si
1635 747 2037 814 concludetur
2077 748 2143 812 in
2186 766 2354 830 pace.

862 850 1155 916 Preterea
1193 850 1341 931 quia
1385 850 1451 915 in
1496 849 1726 915 talibus
1775 855 1841 916 et
1884 851 2080 916 tantis
2135 850 2506 917 tractatibus
2545 853 2812 918 multum
2853 872 2994 935 pos-

658 956 804 1019 sunt
845 953 1137 1036 prodesse
1181 952 1619 1035 promissiones
1665 953 1924 1036 pecunie
1982 973 2104 1036 que
2161 953 2380 1020 fierent
2431 955 2591 1021 dono
2631 955 2727 1020 vel
2770 956 2991 1021 merito

656 1055 937 1138 personis
979 1074 1100 1138 que
1141 1055 1384 1138 possint
1446 1075 1581 1122 esse
1641 1074 1829 1122 causa
1888 1056 2154 1123 faciendi
2197 1062 2436 1140 partem
2483 1058 2804 1124 adversam
2848 1077 2990 1124 con-

657 1159 1026 1226 descendere
1068 1163 1281 1225 nostre
1324 1159 1633 1224 voluntati
1677 1160 1772 1224 vel
1816 1158 2149 1225 informare
2193 1179 2300 1226 vos
2343 1161 2421 1226 de
2463 1161 2808 1227 intentione
2836 1162 2991 1227 alte-

654 1261 785 1328 rius
825 1262 1044 1344 partiS,
1098 1263 1319 1327 damus
1372 1261 1546 1328 vobis
1601 1227 1955 1329 libertatem
1998 1263 2286 1345 possendi
2347 1265 2711 1346 promittere
2769 1268 2834 1329 et
2887 1283 2992 1328 ex-

655 1364 924 1448 pendere
982 1365 1047 1430 in
1106 1365 1339 1431 talibus
1390 1366 1670 1449 personis
1726 1385 1926 1448 usque
1985 1367 2400 1449 quantitatem
2467 1367 2831 1432 ducatorum
2889 1366 2990 1431 ΧΙΙΙ

655 1467 1073 1548 promittendo
1122 1467 1493 1534 solutionem
1546 1469 1857 1551 sequendo
1900 1474 1966 1534 et
2002 1473 2337 1552 postquam
2383 1473 2598 1536 secuta
2638 1467 2828 1534 fuerit
2869 1487 2992 1551 pax

656 1570 756 1636 vel
798 1571 1102 1654 treuguas

859 1671 1151 1740 Ceterum
1187 1672 1466 1740 debeatis
1510 1673 1759 1741 omnino
1802 1674 2116 1740 includere
2163 1675 2228 1740 in
2271 1675 2389 1740 hac
2431 1693 2600 1757 pace,
2665 1675 2992 1741 concordio

653 1776 754 1842 vel
792 1781 1058 1860 treugua
1120 1775 1509 1859 magnificum
1552 1777 1869 1843 dominum
1925 1776 2251 1844 Nicolaum
2306 1777 2727 1843 Marchionem
2787 1783 2989 1844 esten-

655 1897 784 1944 sem
822 1883 887 1944 et
928 1878 1284 1962 magnificos
1326 1879 1610 1946 dominos
1651 1879 1952 1946 Karolum
1997 1885 2063 1946 et
2104 1880 2473 1946 Pandulfum
2518 1881 2596 1945 de
2638 1880 2990 1958 Malataetis

654 1985 720 2047 et
760 1981 916 2048 alios
958 1981 1283 2065 colligatos
1326 1987 1391 2048 et
1430 1983 1960 2051 recommendatos
2003 1987 2266 2050 nostros,

858 2084 1161 2152 Similiter
1202 2086 1335 2152 vice
1378 2092 1559 2153 versa
1600 2088 1655 2153 si
1697 2087 1982 2154 dominus
2033 2085 2168 2151 Rex
2207 2085 2371 2150 velet
2411 2083 2726 2151 includere
2766 2085 2833 2150 in
2875 2085 2992 2150 hac

653 2206 807 2271 pace
848 2189 1175 2255 concordio
1210 2189 1309 2255 vel
1354 2192 1621 2272 treugua
1646 2189 1918 2273 patriam
1947 2187 2247 2254 Foroiulii
2275 2206 2488 2254 sumus
2519 2188 2795 2254 contenti
2824 2188 2989 2270 quod

652 2295 923 2375 ponatur
964 2297 1031 2358 et
1073 2291 1428 2358 includatur
1467 2292 1534 2357 in
1577 2311 1670 2359 ea.

857 2393 1152 2460 Preterea
1194 2394 1342 2477 quia
1384 2399 1594 2478 posset
1636 2413 1958 2461 occurrere
2001 2393 2176 2477 quod·
2219 2399 2333 2459 aut
2375 2393 2658 2459 dominus
2701 2393 2834 2458 Rex
2875 2393 2992 2460 Po-

654 2495 819 2562 lonie
863 2497 1188 2563 recesisset
1229 2499 1308 2564 de
1351 2497 1633 2580 partibus
1670 2497 1994 2579 Hungarie
2037 2501 2102 2562 et
2144 2495 2480 2562 dimisisset
2517 2495 2759 2578 aliquos
2801 2496 2990 2577 depu-

653 2604 823 2668 tatos
879 2602 960 2667 ad
1013 2600 1179 2667 hunc
1242 2606 1585 2669 tractatum
1641 2619 1753 2684 pro
1811 2605 1992 2682 parte
2043 2618 2174 2681 sua,
2237 2603 2350 2665 aut
2391 2600 2579 2665 etiam
2642 2599 2788 2664 licet
2829 2598 2992 2664 foret

656 2721 911 2786 presens
953 2704 1019 2769 in
1066 2702 1407 2787 Hungaria‚
1473 2704 1617 2786 quia
1673 2703 1789 2769 hec
1844 2702 2096 2785 negotia
2138 2707 2286 2768 sunt
2327 2720 2548 2784 magne
2589 2701 2988 2783 importantia

656 2810 723 2871 et
763 2824 891 2873 non
931 2806 1025 2872 ita
1067 2807 1134 2872 in
1176 2806 1416 2873 duobus
1455 2806 1553 2872 vel
1591 2804 1791 2871 tribus
1832 2806 1929 2871 vel
1973 2804 2133 2870 forte
2175 2809 2316 2870 octo
2359 2804 2575 2871 diebus
2618 2808 2828 2887 posset
2854 2803 2988 2869 fieri

658 2908 949 2974 ordinata
992 2908 1322 2990 conclusio,
1369 2913 1434 2973 et
1476 2909 1609 2991 ipse
1651 2908 1936 2974 dominus
1976 2907 2109 2973 Rex
2152 2907 2406 2974 Polonie
2433 2925 2559 2972 non
2587 2910 2800 2989 posset
2826 2903 2988 2972 forte

656 3015 903 3077 tantum
945 3010 1033 3077 ibi
1078 3010 1325 3076 differre
1366 3010 1464 3077 vel
1508 3010 1743 3094 aliquid
1802 3009 1973 3075 aliud
2033 3013 2383 3076 occurreret
2431 3028 2541 3092 per
2599 3009 2764 3092 quod
2821 3010 2987 3075 vide-

652 3112 805 3179 retis
848 3118 914 3179 et
956 3112 1406 3196 cognosceretis
1447 3112 1612 3178 hunc
1654 3115 1995 3178 tractatum
2047 3113 2216 3195 pacis
2274 3112 2497 3178 debere
2559 3130 2694 3177 esse
2736 3112 2986 3195 longum

654 3219 720 3281 et
760 3215 949 3282 aliter
988 3214 1122 3282 fieri
1153 3234 1277 3281 non
1307 3234 1505 3299 posse,
1553 3220 1703 3281 tunc
1745 3220 1809 3280 et
1851 3234 1924 3282 eo
1972 3234 2120 3281 casu
2165 3216 2312 3297 quia
2354 3215 2476 3281 iste
2503 3214 2833 3281 dilationes
2863 3234 2988 3281 non

652 3316 891 3384 faciunt
921 3337 1036 3401 pro
1064 3317 1261 3398 nobie,
1308 3319 1698 3384 considerata
1740 3336 1965 3400 magna
2020 3336 2287 3400 expensa
2330 3319 2392 3384 in
2439 3337 2562 3401 qua
2605 3336 2834 3397 summ,
2880 3318 2988 3382 da-

651 3438 791 3487 mus
842 3420 1020 3487 vobis
1082 3420 1437 3486 libertatem
1491 3420 1779 3502 possendi
1846 3421 2330 3487 condescendere
2380 3421 2460 3487 ad
2517 3425 2809 3503 treuguas
2867 3440 2990 3503 que

653 3524 783 3589 sint
821 3542 937 3607 pro
985 3542 1173 3607 quam
1218 3524 1481 3607 longiori
1528 3530 1801 3607 tempore
1840 3540 1976 3589 esse
2003 3524 2253 3606 poterit,
2299 3524 2406 3590 sed
2447 3542 2574 3589 non
2614 3542 2726 3607 pro
2765 3524 2987 3589 minori

653 3630 932 3710 tempore
983 3645 1285 3692 annorum
1348 3626 1619 3708 quinque
1670 3631 1787 3692 etc.
1844 3631 1919 3691 ut
1974 3627 2038 3691 in
2091 3633 2271 3709 parte
2327 3628 2589 3693 aliorum
2639 3628 2988 3710 sapientum

652 3728 1024 3795 continetur.
1099 3728 1187 3794 Et
1227 3729 1282 3794 si
1326 3747 1449 3794 non
1492 3730 1778 3812 poteritis
1822 3730 1913 3795 sic
1953 3728 2234 3795 obtinere
2281 3734 2595 3811 treuguaS,
2643 3728 2986 3796 attendatis

651 3830 732 3897 ad
760 3830 927 3897 hunc
954 3832 1147 3897 alium
1174 3831 1423 3897 modum
1466 3832 1633 3914 quod
1668 3836 1926 3914 treugue
1971 3832 2145 3913 fiant,
2191 3838 2264 3897 ut
2307 3832 2541 3898 dictum
2586 3838 2700 3914 est,
2745 3834 2852 3898 sed
2891 3838 2985 3897 ta-

650 3952 794 4000 men
834 3935 1002 4017 quod
1044 3935 1250 4001 dictus
1296 3935 1583 4000 dominus
1627 3934 1761 4001 Rex
1802 3934 2224 4001 Romanorum
2267 3940 2333 4000 et
2373 3934 2692 4017 Hungarie
2739 3934 2984 3999 restitui

654 4037 901 4103 omnino
939 4036 1130 4103 faciat
1172 4037 1350 4103 nobis
1388 4042 1590 4103 terras
1632 4042 1698 4103 et
1738 4037 1877 4104 loca
1911 4036 2088 4103 nobis
2131 4036 2362 4117 ablata,
2409 4042 2472 4103 et
2515 4037 2842 4120 promittat
2873 4056 2985 4120 pro

653 4140 839 4205 terris
884 4139 1137 4223 Imperii
1174 4140 1337 4205 sicut
1379 4139 1443 4204 in
1486 4140 1923 4222 suprascriptis
1952 4138 2240 4221 capitulis
2271 4140 2639 4205 continetur.
2705 4140 2792 4205 Et
2821 4140 2984 4222 quod

651 4259 765 4305 nos
808 4245 1129 4307 teneamus
1174 4242 1377 4307 omnia
1424 4260 1497 4307 ea
1541 4260 1660 4323 quo
1698 4246 1980 4307 tenemus
2011 4242 2075 4305 in
2109 4242 2437 4307 Dalmatia.
2509 4242 2594 4306 Et
2639 4243 2690 4307 si
2736 4243 2984 4306 omnino

648 4345 859 4413 volent
901 4346 1152 4413 restitui
1189 4344 1413 4413 debere
1457 4349 1662 4412 turres
1707 4344 1978 4411 Sibenici
2007 4346 2072 4411 in
2100 4345 2218 4411 hac
2245 4351 2523 4429 treugua,
2571 4363 2685 4429 pro
2715 4344 2832 4411 hoc
2860 4363 2984 4412 non
