3793 5187
1777 600 1900 662 207

665 807 735 868 et
778 803 995 869 adiuto
1047 802 1129 868 de
1171 805 1357 867 zente
1422 819 1572 867 over
1637 800 1859 867 danari
1933 820 2049 885 per
2122 800 2491 882 conquistar
2558 801 2619 867 el
2690 819 2884 884 regno
2943 803 3045 868 de·

667 904 999 986 Hungaria
1039 921 1152 985 per
1194 920 1322 968 330
1373 901 1438 967 (11
1477 921 1592 969 suo
1638 901 1770 968 fioli
1810 908 1878 968 et
1922 903 1989 976 ei
2022 921 2216 986 regno
2263 902 2344 967 de
2387 902 2698 968 Bohemia
2753 923 2864 986 per
2908 923 3024 969 un-

663 1006 848 1099 31110,
899 1024 1039 1072 cum
1082 1009 1305 1087 questo
1352 1003 1470 1070 che
1515 1005 1911 1086 conquistati
1979 1006 2135 1086 dicti
2195 1003 2373 1088 regni
2442 1003 2543 1069 fra
2601 1003 2741 1071 loro
2814 1025 2884 1072 se
2925 1005 3026 1072 fa-

663 1126 842 1174 cesse
888 1107 1057 1173 bona
1100 1112 1412 1188 perpetua
1455 1124 1646 1188 pace;
1693 1106 1754 1172 al
1806 1107 1923 1174 che
1967 1106 2139 1173 dicto
2183 1125 2256 1172 re
2298 1107 2428 1172 mai
2470 1106 2652 1172 volse
2712 1109 3043 1175 assentire*

661 1228 779 1292 per
814 1227 944 1275 non
985 1211 1152 1275 tenir
1195 1207 1350 1275 dicti
1411 1210 1592 1290 regni
1659 1209 2057 1291 sequestrati
2099 1226 2140 1275 3
2182 1227 2313 1276 non
2380 1213 2570 1291 poter
2632 1211 3041 1278 oecon-endo-

663 1311 721 1376 el
765 1310 1043 1393 bixoguo
1087 1310 1342 1377 adiutar
1382 1311 1448 1375 13
1490 1310 1835 1378 christiana
1875 1311 2217 1394 religione;
2264 1312 2477 1378 teniva
2523 1330 2677 1394 pero
2720 1312 2789 1377 13
2832 1330 3020 1379 cossa

657 1414 724 1478 in
768 1413 1049 1495 practica
1087 1411 1425 1480 scorrendo
1471 1413 1530 1478 el
1570 1416 1788 1494 tempo
1849 1431 1963 1496 per
2034 1431 2162 1479 non
2208 1413 2621 1480 concitarselo
2671 1419 2909 1488 contra,
2956 1420 3022 1482 et

659 1515 726 1580 in
771 1521 997 1598 queste
1040 1515 1363 1596 practiche
1437 1515 1606 1582 dicto
1676 1515 1909 1598 Signor
1968 1515 2220 1596 mor-ite,
2294 1520 2361 1582 et
2428 1533 2725 1582 successe
2772 1516 2833 1582 el
2873 1537 3019 1599 pre-

661 1623 841 1684 sente
885 1617 1114 1700 Siguor
1181 1617 1368 1698 quale
1433 1616 1819 1699 consegliato
1867 1617 1951 1682 da
1996 1617 2019 1682 i
2063 1619 2160 1683 soi
2205 1617 2323 1682 che
2365 1636 2557 1684 erano
2628 1618 2823 1682 etiam
2860 1621 3015 1685 stati

659 1719 1035 1802 conseglieri
1081 1718 1187 1786 del
1226 1720 1425 1801 padre
1469 1719 1715 1785 ritorno
1761 1737 1835 1784 su
1888 1720 1955 1785 la
1998 1720 2306 1801 practica,
2377 1725 2442 1786 et
2504 1737 2778 1802 propose
2823 1720 2884 1787 13
2926 1722 3043 1786 13--

657 1828 862 1890 stesse
905 1823 1280 1890 conditione.
1366 1821 1455 1887 Et
1496 1841 1620 1904 pur
1671 1821 1732 1886 el
1772 1839 1846 1886 re
1910 1839 2212 1889 scorreva
2268 1821 2748 1904 temporizando
2791 1842 2909 1904 per
2961 1825 3021 1890 el

657 1924 846 1992 modo
889 1923 1179 2006 predicto
1227 1929 1293 1990 et
1334 1922 1555 1990 foreno
1595 1924 1890 1990 mandati
1932 1923 2116 1990 molti
2146 1925 2339 1991 messi
2378 1925 2695 2006 utrinque:
2744 1923 2817 1990 In
2863 1944 3041 2007 queo

657 2034 758 2094 sto
804 2035 1018 2109 tempo
1063 2025 1272 2092 alcuni
1312 2026 1539 2092 ribaldi
1585 2025 1894 2092 offerseno
1962 2027 2025 2092 al
2073 2027 2276 2093 Turco
2343 2027 2643 2094 furtivam
2654 2032 2801 2093 ente
2852 2028 3017 2095 darli

657 2131 989 2196 licostomo
1033 2149 1117 2195 33
1159 2129 1222 2195 13
1265 2147 1468 2204 mano,
1541 2129 1600 2194 el
1660 2127 1813 2210 qual
1876 2147 2062 2213 preso
2128 2129 2495 2196 Moncastro
2548 2148 2583 2195 e
2631 2130 2825 2211 quelli
2869 2131 3019 2197 altri

657 2232 830 2315 luogi
875 2232 991 2298 che
1038 2250 1230 2298 erano
1277 2233 1580 2313 sprevisti
1623 2238 1688 2298 et
1731 2231 1988 2299 sforniti
2057 2230 2269 2298 subito
2332 2232 2581 2298 seriano
2627 2233 2691 2296 in
2739 2251 2855 2298 suo
2904 2233 3018 2298 (10-

657 2337 871 2416 131310,
927 2339 994 2400 31
1036 2335 1168 2400 cusi
1214 2335 1462 2416 sequite
1525 2336 1640 2400 che
1705 2334 1763 2402 el
1833 2333 2039 2400 Turco
2102 2353 2218 2416 per
2290 2335 2463 2401 dicto
2532 2354 2707 2401 mezo
2775 2354 3040 2418 occupo*

661 2437 855 2520 quelli
898 2436 1090 2519 luogi‚
1133 2437 1198 2503 al
1243 2437 1358 2503 che
1405 2457 1521 2520 per
1594 2437 1654 2503 el
1718 2457 1790 2504 re
1847 2456 1975 2503 non
2038 2455 2109 2504 se
2175 2443 2327 2521 pote
2395 2438 2712 2520 proveder
2780 2439 2837 2505 si
2900 2458 3015 2522 per

663 2557 839 2607 esser
880 2538 1049 2607 facto
1096 2558 1174 2605 ex
1217 2539 1564 2622 improviso
1627 2545 1694 2606 et
1759 2541 2101 2623 insperato,
2178 2558 2355 2607 come
2424 2539 2616 2606 etiam
2673 2558 2789 2623 per
2840 2559 3039 2609 esser·

659 2642 724 2708 13
766 2661 1038 2727 persona
1080 2661 1199 2713 sua
1242 2644 1439 2709 molto
1484 2644 1747 2711 lontana
1814 2649 1882 2708 et
1945 2649 2255 2726 occupata
2317 2661 2434 2725 per
2502 2643 2730 2708 alcune
2791 2645 3015 2709 novita

658 2746 827 2811 facte
871 2747 954 2812 da
998 2745 1206 2812 alcuni
1249 2746 1344 2813 soi
1390 2746 1646 2829 Signori
1691 2746 1888 2812 duchi
1932 2765 1967 2811 3
2010 2744 2255 2825 baroni,
2302 2746 2325 2811 i
2371 2745 2547 2826 quali
2615 2746 2723 2828 poi
2770 2746 2831 2812 el
2876 2744 3037 2812 fece·

662 2847 1058 2931 decapitare;
1129 2848 1364 2915 Sedate
1430 2854 1657 2931 queste
1729 2850 2036 2915 intestine
2100 2848 2413 2915 discordie
2482 2848 2540 2913 el
2603 2867 2675 2913 re
2739 2867 3037 2932 preparo·

657 2969 816 3035 gran
862 2970 1123 3018 numero
1167 2952 1248 3017 (13
1291 2957 1470 3018 zente
1515 2969 1633 3034 per
1676 2970 2017 3035 recuperar
2063 2951 2264 3032 quelli
2312 2948 2595 3029 Caste11i‚
2645 2956 2711 3015 et
2747 2951 3008 3016 interim

660 3054 888 3119 mando
932 3072 1057 3119 uno
1103 3073 1219 3120 suo
1260 3059 1479 3119 orator
1525 3054 1588 3119 al
1634 3054 1838 3121 Turco
1888 3071 1929 3119 a
1971 3054 2306 3119 dimandar
2369 3054 2435 3118 la
2482 3051 2885 3119 restitutione
2933 3052 3012 3118 de

661 3157 850 3239 quelli
899 3162 966 3223 31
1008 3161 1250 3223 tractar
1297 3158 1376 3222 (13
1417 3176 1598 3241 pace,
1646 3162 1713 3222 et
1738 3176 1852 3240 per
1880 3157 2076 3237 Pana,
2119 3176 2156 3223 o
2201 3156 2410 3223 l'altra
2441 3156 2547 3221 via
2578 3174 2689 3221 era
2720 3154 3008 3237 disposto

657 3260 984 3342 ricuperar
1025 3260 1074 3325 li
1118 3258 1375 3325 Castelli
1431 3258 1720 3341 predicti.
1807 3259 1882 3326 In
1925 3264 2151 3341 questo
2220 3276 2404 3325 mezo
2474 3257 2795 3341 Stephano
2842 3257 3033 3339 Vay--

658 3361 829 3428 voda
869 3360 1240 3428 desideroso
1289 3362 1368 3427 de
1410 3361 1607 3427 haver
1658 3361 1718 3426 el
1763 3379 1903 3441 suo,
1969 3380 2097 3427 non
2143 3366 2479 3443 expectata
2521 3361 2585 3425 13
2645 3360 3011 3443 operatione

661 3464 764 3531 (131
810 3468 1084 3545 oratore,
1130 3483 1208 3529 ne
1251 3463 1296 3528 11
1339 3464 1806 3546 preparamenti
1850 3464 2027 3546 regii,
2072 3464 2319 3530 assalto
2370 3481 2510 3529 cum
2554 3461 2776 3528 310333
2824 3467 3009 3527 23313

658 3566 1080 3641 Monchastro‚
1123 3568 1284 3632 dove
1329 3565 1512 3631 ussiti
1557 3564 1578 3630 i
1622 3564 1851 3633 Turchi
1898 3584 2091 3632 erano
2140 3566 2245 3631 ala
2314 3564 2603 3632 custodia
2672 3564 2749 3629 (13
2797 3563 3036 3645 quello·

659 3670 909 3752 seguite
953 3668 1066 3735 che
1111 3668 1193 3735 da
1237 3687 1360 3751 poy
1409 3686 1536 3733 una
1575 3672 1793 3751 strage
1835 3669 1920 3733 da
1986 3667 2140 3734 1333
2212 3674 2397 3749 parte
2471 3670 2537 3731 et
2596 3666 2872 3732 dalaltra
2938 3684 3011 3731 re

657 3771 892 3839 1313013
933 3770 1254 3853 Stephano
1299 3787 1573 3837 convene
1615 3770 1919 3837 ritrarse:
1984 3770 2051 3837 13
2096 3770 2245 3852 qual
2292 3787 2477 3837 cossa
2534 3770 2739 3835 intesa
2792 3786 2907 3852 per
2951 3768 3012 3834 el

659 3876 864 3942 Turco
908 3874 1163 3939 licentio
1209 3872 1493 3954 l’orator,
1541 3877 1607 3938 et
1648 3892 1804 3956 rupe
1845 3873 1910 3938 la
1954 3874 2233 3955 practica
2275 3872 2423 3939 (1313
2466 3890 2642 3955 pace,
2716 3890 2856 3938 cum
2911 3871 3011 3937 dir

657 3976 773 4043 che
813 3977 950 4044 Iera
993 3976 1211 4041 deluso
1254 3976 1362 4041 dal
1405 3993 1490 4049 re,
1535 3994 1650 4058 per
1718 3976 1833 4041 che
1900 3980 2266 4041 monstrava
2310 3974 2489 4041 voler
2547 3993 2725 4057 pace,
2797 3980 2863 4043 et
2914 3973 3033 4039 fa··

659 4098 813 4146 ceva
860 4079 922 4145 31
961 4079 1100 4145 loro
1146 4077 1398 4145 vassalo
1460 4078 1766 4145 molestat
1830 4080 1969 4145 isuo
2016 4078 2195 4161 luogi
2260 4082 2326 4143 31
2392 4078 2561 4144 cussi
2619 4077 2686 4143 fu
2740 4077 3035 4145 dissolta-

656 4182 722 4248 13
763 4182 1064 4264 practica.

963 4300 1226 4370 (Ambivio
1261 4300 1318 4354 da·
1352 4300 1506 4355 Seato
1540 4303 1594 4355 in
1639 4300 1902 4372 Vener-ia).

724 4388 1156 4445 Deliberazioni
1193 4388 1406 4445 Senato
1443 4388 1678 4455 Secreti,
1712 4406 1838 4459 reg.
1873 4389 1945 4443 33
1980 4406 2026 4443 0.
2066 4388 2148 4443 23.
