3793 5187
1902 651 2027 718 216

785 859 1006 938 pterea
1049 851 1546 920 convencionem
1609 854 1963 936 generalem
2027 853 2237 920 omnib
2246 873 2322 921 us
2384 854 2771 938 principibus
2834 851 3141 922 Consilia-

785 958 918 1037 riis‚
961 955 1436 1038 Batonibusque
1477 955 1676 1040 Regni
1719 956 1847 1021 mei
1911 975 2025 1039 pro
2079 956 2244 1024 festo
2290 957 2511 1024 Sancti
2555 957 2735 1024 Petri
2772 958 2856 1024 ad
2890 957 3139 1024 vincula

785 1061 1068 1142 proximo
1115 1060 1183 1125 in
1225 1077 1351 1142 qua
1393 1057 1624 1124 curabo
1667 1077 1794 1124 una
1842 1076 1983 1124 cum
2024 1059 2151 1125 illis
2193 1059 2260 1124 in
2273 1059 2579 1143 telligere‚
2631 1061 2780 1142 quid
2822 1061 2924 1140 sit,
2974 1059 3143 1142 quod

788 1161 1108 1229 Sanctitas
1153 1167 1362 1228 vestra
1404 1179 1583 1227 suam
1624 1160 2077 1244 benignitatem
2118 1181 2159 1227 a
2201 1180 2300 1228 me
2357 1163 2701 1245 Regnoque
2738 1180 2877 1228 meo
2907 1179 3143 1227 ammo·

783 1269 910 1346 vet,
980 1271 1048 1331 et
1109 1269 1298 1346 prout
1359 1263 1678 1345 descripsi,
1740 1263 1892 1346 quid
1957 1281 2142 1330 cause
2198 1265 2303 1344 sit,
2378 1283 2499 1330 cur
2543 1283 2663 1344 me,
2724 1263 3131 1346 Regnumque

785 1386 992 1435 meum
1033 1366 1213 1433 bellis
1248 1367 1570 1449 implicare
1613 1365 1784 1431 velit.
1857 1367 1955 1431 Ex
1983 1384 2109 1448 qua
2140 1363 2350 1431 Conve
2370 1367 2471 1431 nci
2479 1385 2599 1432 one
2629 1364 2936 1432 notabiles
2964 1365 3144 1430 Nun-

785 1469 913 1535 cios
957 1469 1038 1535 ad
1079 1467 1494 1535 Sanctitatem
1535 1472 1810 1534 vestram
1852 1469 2104 1534 mittere
2143 1467 2411 1551 institui,
2504 1469 2612 1550 qui
2656 1468 2995 1535 Sanctitati
3037 1487 3141 1534 ve·

784 1576 916 1638 stre
959 1570 1206 1653 singula
1266 1571 1516 1652 planius
1579 1573 1921 1651 exponent’
1967 1569 2482 1652 tractabuntque.
2571 1571 2751 1654 Rogo
2796 1577 3005 1636 tamen
3050 1570 3143 1635 di-

782 1679 1010 1756 gnetur
1057 1673 1467 1740 Sanctitatem
1508 1679 1780 1739 vestram
1844 1691 1995 1755 erga
2056 1691 2156 1737 me
2216 1671 2498 1756 Regnum
2516 1691 2639 1755 que
2702 1671 3030 1755 benignius
3073 1689 3142 1738 se

723 1769 738 1780 ”
783 1775 1030 1857 habere,
1077 1782 1152 1840 ut
1193 1776 1315 1842 mei
1359 1775 1676 1853 Oratores,
1743 1775 1849 1858 qui
1914 1776 1995 1840 ad
2042 1773 2460 1840 Sanctitatem
2516 1775 2812 1841 Vestram
2853 1775 3144 1841 mittendi

784 1884 951 1959 sunt,
1021 1879 1387 1962 priusquam
1455 1897 1595 1945 cum
1640 1877 1996 1945 Sanctitate
2045 1877 2281 1944 Vestra
2319 1879 2398 1944 de
2441 1878 2637 1944 rebus
2680 1896 2793 1962 per
2834 1877 3145 1944 Sanctita-

783 1985 914 2046 tem
953 1985 1228 2046 vestram
1271 2001 1384 2064 pro
1427 1982 1633 2048 salute
1676 1982 2031 2049 christiana
2077 1981 2335 2064 agendis
2380 1981 2904 2047 consultationem
2950 1981 3145 2046 actio-

783 2102 1050 2166 nemque
1093 2083 1372 2164 aliquam
1429 2085 1665 2164 ineant,
1731 2085 2089 2167 intelligant
2145 2104 2186 2151 a
2226 2081 2589 2150 Sanctitate
2637 2089 2849 2149 vestra
2904 2084 3145 2166 gracio-

783 2203 918 2250 rem
969 2185 1262 2251 animum.
1343 2187 1432 2252 Et
1477 2187 1805 2270 presertim
1847 2187 1913 2252 in
1953 2187 2348 2268 Episcopatu
2388 2185 2770 2251 Warmiensi
2814 2185 2896 2251 ad
2938 2184 3135 2250 filium

783 2305 992 2354 meum
1035 2287 1484 2371 benignitatem
1528 2288 1742 2371 animi,
1788 2293 2143 2370 convertat,
2190 2288 2439 2371 sibique
2484 2288 2761 2371 gratiose
2791 2287 3133 2371 provideat,

785 2391 936 2473 quia
999 2391 1066 2457 id
1125 2398 1382 2474 propter
1446 2398 1650 2459 certas
1715 2398 1782 2460 et
1841 2393 2045 2458 iustas
2124 2409 2349 2458 causas
2414 2409 2657 2457 moram
2708 2409 2836 2456 non
2877 2390 3137 2472 patitur.

783 2493 929 2560 Non
969 2499 1178 2560 movet
1219 2514 1319 2561 me
1361 2495 1592 2562 etenim
1636 2495 1888 2562 utilitas
1934 2495 2045 2580 filij
2094 2515 2172 2562 ex
2216 2495 2480 2562 ecclesia
2522 2494 2979 2576 consequenda,
3026 2494 3137 2559 sed

781 2597 970 2663 michi
1014 2615 1161 2664 cure
1203 2606 1302 2663 est
1341 2616 1466 2681 pax
1506 2599 1923 2665 dominiorum
1964 2617 2245 2665 meorum
2322 2599 2446 2665 hoc
2506 2602 2787 2679 tempore
2827 2598 2977 2663 dum
3019 2598 3133 2663 ad-

780 2718 996 2771 versus
1041 2718 1317 2783 paganos
1353 2700 1585 2767 bellum
1626 2720 1796 2784 gero.
1869 2702 2145 2767 Tandem
2208 2700 2635 2767 Sanctitatem
2675 2704 2949 2766 vostram
2982 2706 3130 2782 opto

781 2803 989 2869 valere
1043 2801 1322 2869 feliciter.
1401 2803 1500 2869 Ex
1548 2802 1852 2870 Cracovia
1921 2805 2221 2888 vigesima
2287 2808 2472 2870 sexta
2539 2804 2643 2869 die
2708 2804 2940 2869 mensis
2991 2800 3132 2885 Iulij

781 2906 966 2971 Anno
1008 2906 1242 2973 domini
1281 2906 1616 2974 Millesimo
1661 2908 2280 2990 quadringentesimo
2330 2906 2734 2989 octogesimo
2778 2924 2961 2972 nono.

1195 3025 1490 3093 Eiusdem
1535 3026 1906 3094 Sanctitatis
1948 3026 2181 3093 Vestre

1887 3130 2147 3197 devotus
2190 3128 2356 3195 filius
2399 3130 2520 3194 Ka
2550 3128 2930 3194 zimirus

2158 3230 2295 3297 Rex
2333 3230 2613 3296 Polonie.

993 3350 1072 3435 (Α
1118 3351 1330 3434 teroo).
1405 3350 1808 3418 Sanctissimo
1852 3352 1919 3416 in
1962 3350 2196 3417 christo
2244 3350 2415 3431 patri
2444 3355 2511 3415 et
2539 3349 2830 3430 Domino,
2874 3348 3124 3414 domino

785 3448 1170 3533 Innocencio,
1231 3452 1444 3519 divina
1499 3453 1894 3537 providencia
1953 3450 2379 3518 Sacrosancte
2422 3450 2704 3517 Romane
2747 3454 2813 3515 et
2854 3449 3120 3517 Univer-

785 3554 934 3620 salis
975 3554 1253 3622 Ecclesie
1301 3555 1555 3623 Summo
1599 3554 1880 3638 pontifici
1920 3555 2173 3622 domino
2227 3554 2687 3621 colendissimo.

1298 3690 1560 3759 (Archivio
1595 3689 1655 3745 da·
1686 3688 1840 3745 Scato
1885 3689 2147 3759 Venetia).

785 3772 952 3831 Bolle
988 3774 1060 3832 ed
1094 3776 1222 3833 Atti
1260 3775 1418 3834 della
1459 3776 1634 3832 Curia
1667 3775 1951 3833 Romana.
2009 3776 2190 3832 Busta
2221 3776 2307 3831 28.
2356 3772 2611 3831 Polonia
2644 3773 2695 3829 9.

1819 4084 2116 4163 XCIX.

983 4236 1354 4305 Beatissime
1395 4238 1462 4303 in
1507 4237 1758 4305 Christo
1813 4244 1996 4321 pater
2040 4242 2107 4305 et
2146 4236 2396 4303 domine
2466 4232 2961 4301 clementissime.
3051 4232 3130 4298 In

789 4339 980 4405 certis
1020 4340 1385 4422 Reipublice
1422 4340 1762 4423 cbristiane
1806 4342 2087 4423 meisque
2128 4343 2192 4405 et
2232 4338 2653 4404 dominiorum
2694 4353 2977 4402 meorum
3020 4353 3131 4400 ne-

780 4440 974 4522 gociis
1034 4441 1233 4525 dirigo
1296 4388 1848 4613 itgffisenciarum
1922 4441 2005 4508 ad
2068 4442 2133 4507 S.
2176 4441 2254 4506 V.
2300 4440 2731 4507 Reverendum
2774 4439 2842 4503 in
2888 4436 3125 4503 christo

779 4548 1024 4625 patrem
1081 4543 1410 4630 dominum,
1435 4545 1762 4641 „Andream
1823 4544 2061 4611 Rozam
2105 4543 2661 4627 Archiepiscopum
2721 4540 3132 4607 Leomonien-
