3793 5187
1805 532 1885 596 99

1710 822 1998 897 XLVI.

1360 960 1792 1029 mccccxum.
1836 960 1933 1027 die
1975 959 2128 1027 xvn.
2173 959 2328 1025 lunii.

892 1128 1068 1207 Quod
1116 1128 1228 1193 fiat
1270 1129 1601 1195 Commisio
1643 1129 1797 1195 Viro
1840 1128 2052 1195 Nobili
2097 1127 2338 1194 Aluisio
2382 1127 2750 1192 Lauredano
2793 1145 3008 1208 procu-

693 1231 891 1297 ratori
937 1232 1212 1298 Ecclesie
1248 1232 1463 1299 Sancti
1498 1234 1699 1299 Marci
1730 1232 2070 1315 Capitaneo
2101 1232 2437 1297 Galearum
2481 1232 2727 1297 nomine
2772 1227 3010 1295 Summi

695 1332 1011 1400 Pontificis
1052 1334 1155 1401 hic
1198 1342 1579 1403 armatarum
1623 1338 1686 1402 in
1726 1337 1841 1402 hac
1884 1336 2084 1401 forma
2128 1334 2438 1401 videlicet:

1100 1437 1215 1503 Ser
1257 1437 1628 1505 Franciscus
1666 1439 2010 1503 Barbadico
2055 1456 2218 1521 proc.

1096 1538 1209 1605 Ser
1250 1540 1583 1607 Federicus
1629 1540 1982 1605 Contareno

1098 1641 1211 1707 Ser
1252 1643 1532 1709 Andreas
1581 1642 1955 1709 Mauroceno

1092 1740 1205 1811 Ser
1252 1747 1499 1813 Marcus
1543 1747 1796 1813 Foscari
1840 1766 2006 1829 proc.

1093 1846 1206 1911 Ser
1248 1848 1619 1914 Hermolaus
1662 1848 1909 1915 Donato
1955 1846 2276 1930 Sapientes
2323 1844 2554 1911 Consili

1092 1948 1207 2015 Ser
1244 1950 1535 2017 Nicolaus
1580 1951 1784 2016 Memo

1097 2050 1212 2117 Ser
1259 2052 1597 2119 Zacharias
1641 2050 1874 2118 Bembo

1094 2152 1208 2219 Ser
1250 2154 1386 2220 Nic.
1433 2156 1509 2221 de
1552 2155 1785 2220 Melino
1836 2154 2160 2238 Sapiewes
2205 2152 2392 2217 Terre
2433 2150 2644 2215 Firme
2701 2188 2708 2195 -

1174 2256 1599 2325 Reformatum
1646 2262 1718 2324 ut
1760 2260 1981 2341 aparet
2023 2254 2188 2321 infra
2232 2254 2308 2319 ad
2354 2271 2404 2318 c.
2444 2256 2582 2318 102.

892 2374 1025 2441 Nos
1069 2375 1441 2444 Franciscus
1487 2377 1745 2443 Foscari
1804 2376 1927 2442 Dei
1984 2374 2193 2457 gratia
2243 2374 2388 2437 Dux
2433 2371 2842 2437 Venetiamm
2889 2374 3008 2434 otc.

692 2474 1121 2543 Commitimus
1189 2479 1305 2544 tibi
1371 2479 1583 2545 Nobili
1646 2478 1799 2544 Viro
1864 2476 2104 2542 Aluisio
2173 2474 2549 2540 Lauredano
2616 2472 3012 2555 procuratori

686 2575 971 2644 Ecclesie
1016 2579 1080 2646 S.
1112 2579 1311 2646 Marci
1361 2581 1593 2647 dilecto
1628 2580 1763 2647 Civi
1808 2586 1872 2646 et
1914 2578 2086 2646 fideli
2130 2583 2380 2643 nostro:
2429 2575 2614 2656 Quod
2654 2574 2718 2640 in
2763 2573 3011 2640 nomine

686 2679 939 2746 Domini
982 2685 1183 2748 nostri
1228 2684 1417 2751 Ihesu
1450 2684 1685 2750 Christi
1729 2689 1794 2749 et
1836 2684 1900 2749 in
1935 2683 2112 2748 bona
2153 2682 2363 2762 gratia
2405 2685 2472 2744 et
2513 2679 2782 2744 victoria
2812 2677 3011 2742 vadas

693 2780 1075 2865 Capitaneus
1131 2789 1517 2868 presentium
1562 2786 1905 2868 galearum,
1969 2803 2093 2866 que
2150 2785 2330 2848 iuxta
2384 2780 2834 2864 promissiones
2897 2798 3009 2844 no·-

690 2887 858 2952 stras
898 2888 1151 2954 nomine
1184 2889 1451 2954 Romani
1482 2889 1807 2954 Pontificis
1851 2888 1952 2954 hic
1997 2893 2239 2952 armate
2283 2889 2429 2950 sunt
2473 2883 2572 2967 (ut
2612 2882 2678 2947 in
2721 2882 3009 2946 strictum

688 2985 1023 3074 Galipolis)
1091 2990 1157 3056 in
1222 2998 1353 3056 tam
1406 2993 1621 3058 divino
1688 3010 1881 3073 opere
1925 2995 2145 3056 contra
2187 2985 2464 3072 perfidos
2509 2984 2782 3050 Teucros
2827 3001 3009 3048 exer-

690 3093 966 3155 ceantur.
1046 3091 1133 3158 Et
1174 3095 1487 3176 quoniam,
1545 3099 1618 3159 ut
1668 3093 1836 3158 nosti
1903 3091 2194 3157 Summus
2257 3086 2551 3154 Pontifex
2619 3084 3012 3166 dessignavit

684 3187 1301 3260 Reverendissimum
1362 3195 1697 3260 Dominum
1746 3194 2146 3262 cardinalem
2191 3191 2502 3256 Venetum
2543 3186 3008 3253 vicecancella-

685 3290 847 3358 rium
889 3293 1199 3378 Legatum
1239 3315 1419 3362 suum
1464 3316 1658 3378 super
1700 3296 1820 3362 hac
1861 3295 2180 3362 maritima
2224 3293 2445 3371 classe,
2489 3295 2790 3372 tanquam
2821 3293 3012 3370 caput

687 3398 753 3458 et
790 3396 1161 3478 principale,
1230 3417 1352 3462 non
1412 3399 1611 3464 solum
1670 3401 1932 3464 istarum
1995 3397 2318 3480 galearum
2361 3395 2475 3460 tibi
2521 3391 3008 3471 commissarum,

686 3512 901 3560 verum
948 3497 1137 3564 etiam
1182 3500 1447 3565 aliarum
1492 3501 1839 3582 galearum,
1884 3517 2007 3580 que
2043 3504 2174 3564 tam
2220 3499 2300 3563 de
2327 3497 2491 3576 hinc,
2539 3513 2725 3576 quam
2757 3494 3010 3559 aliunde

687 3597 939 3663 nomine
980 3599 1028 3664 Ι.
1072 3599 1323 3666 Domini
1373 3601 1569 3667 Ducis
1622 3601 1990 3682 Burgondie
2057 3600 2139 3664 ad
2201 3599 2364 3664 hanc
2425 3604 2706 3664 sanctam
2767 3597 3009 3679 Impre-

683 3698 841 3764 siam
905 3699 1271 3782 profecture
1338 3710 1502 3784 sunt,
1578 3704 1959 3786 Capitaneus
2027 3720 2292 3783 quarum
2349 3702 2672 3784 galearum
2717 3700 3014 3766 videlicet

678 3799 768 3868 M.
810 3801 1119 3870 Dominus
1163 3805 1243 3870 de
1270 3805 1554 3886 Wharin‚
1616 3807 1782 3871 sicut
1823 3803 2088 3870 firmiter
2133 3803 2364 3869 scimus
2410 3808 2475 3867 et
2517 3801 2699 3867 nobis
2741 3802 3010 3883 promis-

682 3919 821 3970 sum
864 3909 983 3986 est,
1050 3905 1309 3973 obedire
1374 3907 1566 3974 debet
1606 3905 1855 3990 prefato
1916 3906 2462 3973 Reverendissimo
2520 3903 2792 3969 Domino
2855 3903 3008 3969 Car-

686 4003 883 4070 dinali
927 4006 1195 4091 Legato,
1251 4009 1647 4075 declaramus
1691 4009 1826 4089 tibi,
1894 4009 2068 4090 quod
2109 4012 2328 4074 nostre
2370 4006 2736 4073 intentionis
2782 4011 2899 4086 est,
2946 4010 3012 4071 et

685 4107 997 4189 volumus,
1048 4115 1114 4175 et
1154 4111 1524 4178 mandamus
1568 4112 1705 4191 tibi,
1762 4111 1932 4194 quod
1977 4111 2235 4178 obedire
2281 4109 2512 4175 debeas
2559 4099 2762 4174 eidem
2805 4108 2879 4172 R.
2927 4109 3002 4172 D.

681 4207 949 4294 Legato‚
988 4213 1153 4280 sicut
1193 4215 1449 4298 dignum
1495 4221 1560 4281 et
1604 4215 1979 4280 conveniens
2018 4218 2134 4292 est,
2174 4212 2452 4296 gerendo
2484 4216 2548 4277 te
2579 4231 2792 4277 secum
2822 4209 3007 4275 affec-

678 4317 863 4483 ίέιᾱῗξ
909 4320 976 4381 et
1014 4315 1303 4398 humane,
1354 4318 1518 4384 sicut
1558 4316 1623 4382 in
1672 4315 2010 4399 prudentia
2041 4321 2106 4380 et
2134 4315 2462 4397 diligentia
2504 4319 2617 4380 tua
2647 4314 2832 4399 plene
2862 4330 3006 4382 con-

854 4434 947 4484 us.
