3793 5187
1889 639 2023 704 178

753 845 993 910 tiatur:
1039 843 1128 909 Et
1153 841 1667 926 diligentissimus
1699 847 1903 908 estote
1930 842 1997 908 in
2030 845 2257 908 cuncta
2283 841 2777 925 pervestigando,
2806 840 3113 925 nobisque

759 965 968 1013 rerum
1011 946 1359 1025 veritatem,
1431 963 1619 1026 quam
1684 945 1866 1011 unice
1910 945 2193 1027 cupimus
2250 944 2613 1027 intelligere,
2666 943 2991 1011 scribendo
3046 949 3111 1010 et

755 1048 1154 1116 declarando.

961 1149 1034 1217 Si
1085 1151 1180 1216 vir
1230 1149 1458 1216 nobilis
1510 1150 1842 1217 Bertucius
1886 1149 2145 1216 Gabriel
2206 1147 2309 1215 hic
2352 1148 2543 1214 fuerit
2583 1150 2665 1216 ad
2706 1149 2972 1215 istarum
3014 1167 3111 1216 re-

758 1255 1128 1338 ceptionem,
1173 1271 1385 1318 secum
1428 1253 1640 1318 omnia
1671 1253 2082 1334 comunicate,
2129 1255 2195 1318 et
2224 1252 2408 1317 simul
2437 1271 2577 1318 cum
2607 1270 2681 1318 eo
2712 1252 3108 1334 exequimini.

965 1355 1370 1421 Remittimus
1413 1354 1592 1422 vobis
1634 1356 1901 1422 ducatos
1946 1355 2249 1422 ducentos
2288 1355 2444 1436 auri,
2490 1371 2647 1436 quos
2684 1354 2968 1420 volumus
3012 1375 3112 1421 re·

759 1459 1032 1525 mittatis
1078 1457 1448 1523 Hemanueli
1507 1457 1790 1525 Gerardo
1843 1459 2195 1525 Secretario
2240 1462 2459 1523 nostro
2511 1457 2579 1522 in
2622 1455 2937 1523 Moldavia
2995 1476 3109 1540 pro

763 1561 898 1627 suis
945 1561 1257 1642 impensis,
1306 1561 1481 1627 cuius
1535 1561 1949 1643 indigentiam
1998 1565 2065 1627 et
2106 1559 2541 1626 necessitatem
2582 1559 2918 1625 maximam
2952 1577 3108 1642 esse,

763 1683 839 1730 ex
885 1663 1088 1730 literis
1133 1664 1262 1729 suis
1305 1663 1654 1729 didicimus.
1746 1663 2151 1746 Quapropter
2208 1662 2378 1728 omni
2434 1661 2644 1728 studio
2682 1665 2750 1727 et
2789 1662 3114 1744 diligentia

761 1771 974 1833 vestra
1016 1769 1366 1849 procurate,
1412 1769 1486 1831 ut
1535 1765 1616 1831 ad
1662 1765 1832 1831 illius
1879 1784 2103 1832 manus
2144 1783 2258 1848 per
2279 1765 2443 1831 viam
2490 1767 2693 1830 tutam
2736 1769 2803 1829 et
2844 1765 3109 1832 celerem

753 1869 1190 1952 suprascripta
1236 1868 1558 1950 quantitas
1603 1869 1973 1935 ducatorum
2002 1867 2124 1934 GC.
2168 1868 2303 1933 sine
2344 1867 2541 1932 nimia
2582 1868 2879 1950 temporis
2916 1869 3112 1934 inter-

761 1971 1070 2054 positione
1115 1971 1468 2053 perveniat:
1540 1969 1675 2036 Nec
1722 1970 1802 2037 de
1837 1971 1965 2036 illis
2008 1975 2251 2053 partem
2292 1969 2567 2053 aliquam
2615 1988 2731 2052 pro
2776 1970 3110 2036 commodis

761 2075 988 2141 vestris
1028 2074 1372 2153 retineatiS,
1421 2074 1532 2139 sed
1573 2074 1888 2158 integram
1914 2091 2223 2140 summam
2259 2074 2583 2153 remittite,
2614 2073 2909 2155 quoniam
2936 2073 3112 2139 vobis

756 2178 870 2260 qui
916 2177 1257 2260 proximior
1304 2176 1454 2242 estis
1500 2175 1746 2242 facilius
1790 2177 1870 2242 de
1910 2176 2191 2258 pecuniis
2233 2175 2560 2258 providere
2601 2193 2717 2257 pro
2758 2192 2877 2240 usu
2901 2181 3111 2242 vestro

763 2280 1123 2362 poterimu8‚
1185 2297 1374 2361 quam
1437 2278 1810 2344 Hemanueli
1874 2278 2158 2360 predicto
2222 2276 2289 2343 in
2332 2277 2771 2343 remotioribus
2825 2277 3111 2359 partibus

758 2383 1124 2448 constituto.

960 2486 1058 2551 De
1096 2489 1280 2567 parte
1412 2487 1555 2549 171.

957 2587 1056 2654 De
1103 2606 1234 2653 non
1502 2587 1560 2649 2.

959 2692 1105 2757 Non
1148 2690 1376 2757 sinceri
1503 2693 1564 2757 Ο.

1064 2810 1332 2881 (Archivio
1372 2810 1430 2865 di
1464 2810 1618 2864 Staio
1653 2810 1705 2862 ὑπ
1758 2807 2016 2877 Veneria).

823 2894 1250 2951 Deliberazioni
1289 2896 1506 2952 Senato
1551 2894 1777 2956 Secreti,
1816 2910 1939 2964 reg.
1977 2894 2042 2948 27
2080 2910 2125 2949 c.
2164 2894 2280 2949 125.

1735 3204 1889 3279 LX
1900 3204 2155 3281 XVH.

1130 3377 1592 3445 mcccckxxvl.
1637 3376 1732 3444 die
1775 3377 1912 3443 ΧΧΙ.
1942 3375 2188 3443 ianuarii
2236 3376 2427 3456 (more
2474 3374 2740 3457 veneto).

963 3528 1365 3594 Reverendus
1429 3528 1714 3593 dominus
1773 3526 2044 3594 Thomas
2108 3528 2186 3593 de
2234 3526 2394 3593 Gilia
2440 3525 2669 3591 Orator
2718 3526 3112 3595 serenissimi

761 3631 1002 3698 domini
1045 3629 1444 3712 Imperatoris
1486 3630 1985 3695 commemoratis
2029 3627 2487 3695 conditionibus
2534 3646 2746 3695 rerum
2788 3630 3113 3696 cristiana-

763 3752 903 3800 rum
949 3734 1018 3798 in
1067 3733 1294 3814 quibus
1335 3732 1582 3797 labores
1615 3750 1826 3798 omnes
1857 3731 2194 3814 desumpti,
2234 3734 2297 3795 et
2324 3728 2491 3796 facte
2527 3730 2809 3812 impense
2850 3736 2915 3796 et
2943 3736 3114 3797 terra

761 3842 830 3903 et
871 3837 1032 3901 mari
1075 3836 1330 3902 inutiles
1385 3834 1643 3901 fuerunt
1688 3841 1754 3901 et
1800 3834 2177 3901 inefficaces:
2244 3838 2312 3899 et
2374 3832 2495 3898 nisi
2554 3833 2743 3898 aliter
2786 3832 3111 3917 providea-

768 3946 876 4005 tur
919 3938 1331 4006 dubitandum
1399 3943 1536 4005 erat
1596 3941 1674 4005 de
1716 3936 2045 4005 manifesto
2097 3937 2370 4019 periculo
2428 3942 2494 4002 et
2554 3937 2769 4013 ruina3
2816 3936 3110 4016 quoniam

767 4043 933 4108 vires
977 4042 1178 4108 hostis
1222 4043 1290 4107 in
1333 4041 1467 4108 dies
1503 4042 1703 4125 magis
1732 4047 2024 4109 crescunt
2050 4046 2114 4107 et
2155 4040 2326 4107 illius
2351 4042 2662 4121 augentur
2688 4038 3109 4119 conditiones3

763 4144 1208 4211 cristianorum
1258 4149 1466 4210 autem
1524 4146 1916 4225 minuuntur3
1978 4143 2315 4223 subiunxit,
2378 4142 2545 4225 quod
2598 4141 2665 4205 in
2711 4140 2883 4206 dieta
2924 4142 3111 4207 ratis-

763 4247 1029 4329 ponensi
1077 4248 1436 4313 conclusum
1481 4248 1728 4313 tandem
1754 4247 1965 4313 fuerat
2007 4247 2173 4327 quod
2215 4264 2345 4312 non
2374 4243 2778 4312 sortientibus
2822 4242 3113 4310 effectum

764 4349 1226 4431 provisionibus
1273 4350 1339 4415 in
1389 4369 1464 4415 ea
1508 4350 1845 4432 propositis
1889 4352 1956 4415 et
2000 4348 2304 4415 ordinatis
2334 4348 2624 4415 Summus
2660 4345 2943 4429 pontifex
2969 4364 3113 4413 con-

763 4454 1124 4517 tentaretur
1181 4458 1257 4517 ut
1324 4453 1494 4517 intra
1539 4470 1768 4518 annum
1813 4457 2146 4517 vocaretur
2201 4452 2556 4532 concilium,
2602 4451 2735 4517 sive
2776 4454 3115 4516 conventus

765 4553 1158 4637 universaliS,
1203 4554 1311 4623 ubi
1359 4554 1772 4623 interveniret
1818 4553 2136 4621 Sanctitas
2178 4552 2325 4635 Sua,
2370 4552 2783 4637 Imperatoria
2808 4552 3113 4619 Maiestas
