3793 5187
1842 663 1962 724 1166

742 857 1003 924 consilio
1056 858 1337 941 facimus,
1406 867 1815 944 nostramque
1884 883 2098 931 curam
2161 873 2228 934 et
2291 868 2569 936 studium
2634 870 3088 938 incolumitatis

738 964 947 1027 status
980 962 1173 1044 regii:
1216 963 1331 1030 hec
1372 969 1583 1030 tamen
1627 985 1829 1048 pauca
1868 969 2244 1053 subiungere
2270 973 2553 1038 volumus
2597 974 2802 1056 ipsam
2844 975 3090 1041 scilicet

736 1068 1007 1130 mentem
1052 1072 1117 1131 et
1160 1066 1567 1134 intentionem
1612 1075 1891 1135 nostram
1935 1090 2062 1138 non
2106 1072 2304 1140 fuisse
2349 1075 2604 1142 trahere
2637 1077 2935 1143 Tartaros
2968 1096 3088 1160 per

735 1185 930 1250 regna
976 1172 1043 1232 ct
1084 1169 1353 1235 ditiones
1414 1171 1583 1254 regie
1625 1173 1980 1239 Maiestatis
2051 1175 2308 1242 Polonie
2376 1177 2458 1243 ob
2523 1179 2802 1260 pericula
2843 1196 3088 1245 memo-

736 1275 880 1335 rata
922 1289 1035 1354 per
1078 1273 1361 1337 eumdem
1418 1279 1735 1340 oratorem
1800 1277 2052 1344 nomine
2117 1279 2290 1360 regie
2339 1279 2758 1347 sublimitatis
2802 1299 2925 1348 non
2973 1283 3088 1347 ab·

738 1375 1027 1440 scondita
1067 1375 1263 1455 nobis,
1310 1380 1425 1441 aut
1466 1395 1505 1440 a
1544 1375 1727 1442 nobis
1768 1395 1992 1459 parum
2037 1380 2418 1456 existimata,
2473 1382 2978 1450 existimantibus
3017 1389 3086 1448 et

738 1475 1127 1560 cupientibus
1171 1479 1431 1544 comoda
1494 1486 1703 1544 status
1764 1483 1936 1563 regie
1981 1481 2391 1550 Celsitudinis
2455 1503 2584 1551 non
2626 1504 2805 1552 secus
2851 1505 2926 1552 ac
2969 1505 3083 1552 no-

737 1585 871 1646 stra
914 1581 1184 1663 propria.
1276 1580 1397 1647 Sed
1466 1582 1629 1648 sicut
1696 1601 1811 1664 per
1872 1585 2173 1652 Ioannem
2231 1587 2588 1669 Baptistam
2659 1587 3082 1655 Secretarium

734 1686 1018 1747 nostrum
1062 1684 1371 1765 copiosius
1418 1689 1483 1749 et
1533 1684 1890 1752 distinctius
1963 1687 2132 1769 regie
2201 1688 2588 1755 Sublimitati
2651 1689 2908 1757 fecimus
2977 1693 3086 1757 de·

737 1786 982 1865 clarari‚
1026 1788 1233 1868 opinio
1276 1792 1495 1853 nostra
1548 1789 1894 1871 propositio
1964 1795 2029 1856 et
2091 1796 2544 1858 tentamentum
2612 1799 2898 1860 nostrum
2964 1793 3086 1860 fuit

742 1893 809 1954 et
852 1893 954 1956 est
996 1897 1068 1955 ut
1109 1895 1329 1972 gentes
1368 1890 1491 1970 ille,
1536 1893 1909 1958 transmisso
1937 1893 2134 1958 Tanai
2177 1899 2243 1960 et
2289 1896 2512 1961 deinde
2547 1896 2849 1962 Borisene
2891 1915 3086 1979 prope

740 1998 1005 2075 pontum
1050 2013 1164 2075 per
1204 2011 1377 2058 oram
1420 2012 1663 2075 semper
1704 1997 2086 2061 maritimam
2127 1998 2326 2080 rippis
2368 1998 2571 2063 Histri
2613 2000 2826 2081 copias
2867 1999 3084 2064 admo-

736 2099 975 2176 verent,
1026 2101 1091 2162 et
1134 2114 1272 2161 cum
1318 2095 1528 2161 favore
1570 2102 1637 2161 et
1679 2097 1915 2163 auxilio
1959 2097 2376 2164 Illustrissimi
2422 2099 2728 2181 Stephani
2760 2101 3080 2184 Vayvode‚

738 2216 925 2279 quem
991 2197 1075 2262 ad
1131 2198 1197 2263 id
1264 2205 1621 2280 promptum
1688 2199 1825 2266 fore
1890 2201 1990 2265 sui
2055 2206 2340 2267 oratores
2397 2202 2576 2267 nobis
2621 2201 3084 2269 affirmaverant

744 2300 1105 2366 traiicerent
1148 2302 1212 2365 in
1256 2301 1633 2384 Bulgariam‚
1680 2305 1753 2366 ut
1793 2303 1967 2367 nullo
2005 2303 2273 2385 amplius
2312 2303 2530 2370 relicto
2576 2305 2752 2370 obice
2779 2325 3086 2388 aquarum

734 2406 864 2469 sive
907 2404 1213 2469 montium
1256 2408 1323 2469 et
1365 2405 1801 2486 angustiarum
1841 2412 2100 2487 possent
2163 2408 2229 2472 in
2293 2408 2448 2490 ipsis
2491 2407 2834 2473 visceribus
2877 2407 3068 2474 offen-

734 2506 882 2572 dere
922 2507 1260 2586 inimicum,
1331 2525 1443 2588 per
1500 2526 1689 2589 quam
1754 2509 2219 2589 optatissimam
2273 2511 2660 2577 occasionem
2725 2511 3078 2592 potuissent

736 2608 1061 2676 christiani
1097 2610 1405 2691 principes
1454 2629 1821 2676 concurrere
1862 2614 2138 2694 undique
2181 2614 2260 2678 ad
2303 2614 2747 2680 extinctionem
2791 2618 3074 2681 comunis

732 2714 927 2795 pestis
971 2716 1037 2777 et
1078 2712 1349 2778 incendii
1394 2718 1459 2778 et
1502 2714 1581 2777 ad
1625 2714 2063 2781 liberationem
2107 2720 2285 2781 tante
2329 2717 2666 2799 unicuique
2713 2718 3074 2800 impenden-

732 2817 816 2881 tis
851 2816 1243 2881 calamitatis,
1325 2815 1411 2881 Et
1456 2817 1703 2897 quando
1738 2837 1852 2900 per
1907 2824 2152 2884 ceteras
2222 2819 2612 2885 conditiones
2654 2819 2824 2885 illius
2869 2822 3074 2903 gentis

738 2918 1096 2984 huiusmodi
1156 2920 1259 2983 via
1296 2922 1361 2984 et
1405 2920 1716 3001 expeditio
1783 2921 1995 2985 sortiri
2043 2920 2332 2986 effectum
2375 2926 2604 3004 posset,
2654 2920 3082 3003 judicaremus

733 3022 905 3088 illam
949 3022 1249 3102 optimam
1296 3026 1361 3085 et
1404 3022 1748 3087 salutarem
1794 3027 1860 3087 et
1906 3022 2067 3088 citra
2108 3024 2454 3105 periculum
2497 3024 2671 3105 regie
2715 3024 3080 3089 Sublimita-

734 3126 819 3189 tis
862 3130 927 3190 et
970 3132 1314 3190 ceterorum
1360 3126 1635 3189 omnium
1683 3126 2034 3208 principum
2079 3126 2590 3192 christianorum.
2651 3126 3080 3193 confirmatur

734 3227 924 3293 etiam
967 3227 1201 3292 nostris
1240 3227 1595 3293 huiusmodi
1638 3234 1817 3293 vetus
1879 3228 2177 3311 cogitatio
2239 3234 2304 3295 et
2371 3230 2579 3311 opinio
2623 3230 2960 3295 descensus
3006 3236 3073 3295 et

733 3330 975 3396 itineris
1022 3332 1462 3413 suprascripti:
1509 3331 1687 3396 novis
1752 3332 1959 3398 literis
2009 3351 2166 3414 quas
2211 3332 2291 3397 ab
2337 3338 2552 3399 nostro
2599 3332 2950 3399 Secretario
2981 3324 3072 3397 'ex

734 3431 1053 3497 Moldavia
1098 3434 1448 3515 accepimus
1514 3433 1826 3499 scribente
1888 3434 2190 3500 Tartaros
2259 3434 2542 3500 confiniis
2584 3434 2883 3518 Vayvode
2943 3434 3080 3499 Ste-

732 3535 924 3619 phani
968 3535 1304 3616 adhesisse,
1352 3554 1507 3618 quos
1554 3536 1717 3600 idem
1761 3536 2067 3619 Vayvoda
2111 3536 2345 3601 amicos
2393 3539 2669 3619 reputat,
2741 3540 2807 3602 et
2843 3538 2921 3603 de
2962 3555 3086 3602 suo·

733 3639 1037 3703 descensu
1073 3642 1139 3703 et
1182 3638 1262 3703 ad
1306 3656 1448 3703 eum
1518 3638 2127 3720 appropinquatione
2186 3639 2525 3720 plurimum
2574 3639 2765 3704 letari
2823 3640 3080 3705 videtur

734 3734 1111 3824 sperareque
1155 3746 1221 3805 et
1264 3745 1594 3821 expectare
1636 3740 1717 3806 ab
1778 3741 1867 3805 eis
1911 3759 2206 3823 magnum
2273 3746 2494 3805 contra
2540 3742 2854 3807 Turchum
2899 3744 3078 3807 auxi-

732 3844 905 3909 lium.
995 3843 1117 3908 Sed
1162 3844 1409 3925 quando
1453 3843 1645 3908 etiam
1710 3860 1812 3908 res
1879 3844 1962 3909 ad
2020 3842 2310 3908 effectum
2379 3849 2446 3908 et
2503 3844 2810 3910 actionem
2854 3845 3080 3911 deduci

732 3966 860 4013 non
905 3951 1121 4029 posset
1164 3945 1243 4011 ob
1292 3944 1595 4028 allegatas
1641 3945 1721 4011 ab
1762 3946 1904 4027 ipso
1949 3951 2203 4012 oratore
2265 3946 2654 4011 conditiones
2701 3952 2767 4011 et
2812 3947 3077 4013 difficul-

731 4054 899 4117 tates
942 4049 1373 4116 existimamus
1418 4050 1758 4132 practicam
1803 4050 2006 4131 ipsam
2049 4068 2175 4114 non
2239 4068 2424 4131 posse
2467 4050 2590 4114 nisi
2634 4050 2933 4131 prodesse
2977 4069 3078 4115 re·

733 4154 852 4220 bus
898 4152 1271 4233 christianis
1315 4153 1415 4217 vel
1455 4151 1591 4235 ipsa
1636 4153 1773 4218 sola
1813 4152 1983 4219 fama
2027 4158 2092 4217 et
2131 4152 2548 4233 reputatione,
2620 4170 2741 4234 que
2783 4152 2850 4217 in
2891 4152 3079 4219 rebus

732 4258 976 4341 magnis
1020 4264 1091 4322 ut
1133 4274 1258 4321 non
1297 4255 1626 4323 mediocris
1671 4256 1972 4321 momenti
2031 4254 2370 4337 plurimum
2430 4273 2674 4337 semper
2719 4254 3076 4321 existimata

731 4360 852 4427 fuit
894 4366 962 4427 et
1003 4380 1042 4427 a
1085 4358 1469 4441 principibus
1510 4362 1577 4424 et
1622 4358 1891 4425 dominis
1934 4376 2146 4424 rerum
2190 4359 2366 4425 culta
2403 4363 2469 4425 et
2507 4359 2784 4425 studiose
2827 4376 3076 4425 conser-

730 4470 880 4531 vata
922 4470 989 4531 et
1031 4464 1200 4529 mille
1242 4462 1487 4529 artibus
1551 4468 1617 4528 et
1683 4463 1883 4529 modis
1928 4462 2142 4545 augeri
2185 4462 2450 4544 quesita.
2541 4460 2677 4528 Hec
2719 4480 2860 4527 cum
2904 4461 3080 4545 regia

732 4566 1135 4635 Sublimitate
1216 4565 1587 4633 amicissime
1665 4571 1732 4632 et
1776 4564 2328 4651 {confidentissime
2392 4564 2727 4647 loquimur,
2801 4582 2926 4646 que
2995 4564 3078 4631 de
