3793 5187
1791 501 1872 563 2⁷

664 700 1004 766 dominium
1041 701 1138 766 vel
1168 702 1742 784 preheminentiam‚
1790 703 1899 769 sed
1927 703 2290 786 promittere
2333 706 2618 770 nostrum
2660 705 3000 770 dominium

664 805 865 870 dictas
906 805 1210 887 civitates,
1256 811 1475 887 terraS,
1522 812 1747 887 castra,
1814 808 1949 873 loca
2001 814 2067 875 et
2122 808 2438 874 territoria
2479 809 2830 893 ubicunque
2873 810 3000 875 sint

668 906 873 989 posita
902 908 1225 989 dominari,
1270 908 1619 992 gubernari,
1665 917 1878 977 tenere
1922 916 1988 977 et
2028 912 2344 993 possidere
2371 911 2622 994 pacifice
2665 916 2730 978 et
2772 912 2997 994 quiete,

670 1015 737 1076 et
779 1028 903 1076 non
944 1011 1097 1076 dare
1154 1011 1341 1078 alicui
1400 1012 1629 1079 volenti
1686 1013 1996 1079 offendere
2039 1015 2137 1080 vel
2177 1013 2513 1080 offendenti
2555 1014 2756 1080 dictas
2798 1019 3000 1080 terras

668 1115 734 1178 et
776 1111 914 1179 loca
956 1113 1208 1196 aliquod
1250 1115 1550 1180 auxilium
1593 1116 1692 1182 vel
1734 1116 2025 1183 favorem.

873 1215 1109 1294 Quarto
1149 1215 1421 1299 petimus
1462 1222 1717 1300 propter
1758 1218 2097 1302 peticiones
2138 1218 2318 1285 nobis
2359 1217 2558 1285 factas
2602 1220 2767 1302 quod
2794 1161 3000 1286 dictus

665 1318 949 1385 dominus
995 1319 1129 1384 Rex
1172 1319 1593 1386 Romanorum
1632 1326 1697 1387 et
1724 1321 2045 1404 Hungarie
2087 1340 2199 1405 per
2241 1341 2327 1402 se,
2373 1323 2646 1402 heredeS,
2689 1341 2998 1388 successo-

664 1440 783 1502 res,
831 1439 1121 1488 coronam
1158 1427 1225 1487 et
1250 1423 1867 1506 regnum·Hungarie
1911 1442 2049 1489 cum
2096 1423 2592 1490 solemnitatibus
2635 1424 2999 1506 opportunis

666 1525 922 1606 quietet,
985 1524 1209 1590 liberet
1251 1531 1318 1591 et
1359 1525 1641 1592 absolvat
1686 1531 1970 1592 nostrum
2007 1526 2348 1592 dominium
2389 1532 2454 1592 et
2497 1544 2756 1592 comune
2797 1526 2999 1591 Vene-

665 1627 895 1693 tiarum
953 1646 994 1692 a
1052 1628 1461 1710 peticionibus
1512 1647 1633 1711 que
1695 1627 1873 1694 nobis
1931 1628 2090 1694 fiunt
2145 1629 2224 1694 de
2282 1627 2691 1696 solutionibus
2743 1628 2996 1695 ducato-

668 1748 809 1794 rum
851 1729 935 1796 Vl
943 1730 1017 1794 1¹¹²
1060 1733 1191 1795 tam
1234 1748 1346 1813 pro
1390 1735 1667 1814 tempore
1709 1729 2008 1812 preterito
2049 1749 2234 1812 quam
2278 1729 2508 1811 futuro,
2553 1735 2619 1794 et
2659 1747 2700 1794 a
2743 1730 2997 1796 solutio-

666 1832 851 1899 nibus
889 1832 1203 1915 predictis,
1267 1833 1573 1900 Habeatis
1604 1833 1821 1899 tamen‘
1854 1834 2050 1898 menti
2083 1834 2161 1899 de
2187 1833 2513 1915 allegando
2543 1836 2609 1898 et
2636 1832 2996 1899 sustinendo

668 1941 734 2001 et
774 1934 1155 2002 defendendo
1216 1938 1503 2003 continue
1554 1937 1718 2019 quod
1770 1955 1898 2002 non
1943 1941 2227 2002 tenemur
2269 1937 2350 2002 ad
2392 1936 2593 2002 dictas
2635 1935 2994 2016 solutiones,
3037 1993 3040 2004 .

665 2042 732 2104 et
763 2039 1024 2105 dicendo
1062 2040 1228 2121 quod
1270 2040 1385 2106 hec
1426 2040 1727 2122 quietatio
1771 2044 1836 2105 et
1876 2039 2188 2105 absolutio
2231 2039 2512 2122 queritur
2555 2056 2679 2103 non
2721 2039 2870 2120 quia
2905 2043 2997 2104 te-

667 2159 929 2208 neamur
971 2143 1081 2208 sed
1123 2142 1204 2208 ad
1248 2144 1577 2210 cautellam
1622 2164 1735 2228 pro
1777 2144 2120 2210 cessatione
2180 2143 2380 2210 omnis
2421 2143 2680 2208 materie
2723 2142 2998 2208 scandali

666 2250 731 2312 et
772 2245 1001 2312 erroris
1043 2264 1207 2313 nunc
1250 2252 1315 2312 et
1356 2249 1421 2313 in
1462 2248 1743 2314 futurum
1786 2253 1851 2314 et
1894 2266 2080 2329 super
2130 2247 2248 2313 hoc
2290 2245 2628 2329 operemini
2671 2263 2890 2311 sensus
2933 2251 2998 2311 et

661 2349 1015 2415 intellectus
1060 2354 1300 2416 vestros
1342 2356 1644 2433 quantum
1687 2351 1829 2434 plus
1871 2349 2177 2434 poteritis.

864 2451 951 2517 Et
993 2457 1067 2517 ut
1107 2453 1360 2535 possitis
1403 2453 1684 2520 obtinere
1727 2455 1935 2519 omnia
1979 2451 2422 2535 suprascripta,
2469 2469 2682 2518 sumus
2720 2451 2996 2517 contenti

661 2558 726 2621 et
766 2555 989 2621 damus
1040 2555 1217 2622 vobis
1276 2554 1627 2623 libertatem
1691 2557 1857 2639 quod
1914 2557 1969 2623 si
2020 2555 2282 2622 firmiter
2334 2553 2622 2622 videbitis
2667 2557 2731 2619 et
2774 2571 2995 2636 cogno-

662 2658 847 2724 scetis
893 2657 1059 2740 quod
1103 2677 1250 2741 pars
1292 2662 1554 2726 adversa
1596 2660 1747 2725 velit
1789 2658 2276 2726 condescendere
2317 2677 2430 2740 pro
2473 2656 2734 2740 pecunia
2775 2656 2856 2722 ad
2897 2675 2994 2721 re-

660 2761 1014 2828 missionem
1072 2768 1434 2845 perpetuam
1495 2764 1871 2829 solutionum
1926 2760 2091 2828 VIIm
2139 2763 2522 2840 ducatorum
2583 2758 2840 2841 possitis
2881 2776 2996 2842 pro

666 2862 1003 2930 obtinendo
1046 2865 1256 2931 omnia
1298 2870 1591 2932 contenta
1620 2866 1684 2930 in
1714 2866 2152 2948 suprascriptis
2198 2868 2471 2946 quatuor
2506 2863 2813 2945 capitulis,
2852 2882 2994 2945 pro-

662 2967 911 3033 mittere
939 2969 1020 3033 ad
1050 2972 1291 3050 partem
1320 2970 1401 3035 ad
1429 2973 1671 3051 partem
1699 2987 1898 3051 usque
1924 2969 2004 3034 ad
2034 2967 2449 3052 quantitatem
2479 2968 2843 3031 ducatorum
2867 2970 2994 3032 tre-

664 3075 913 3136 centum
957 3070 1196 3136 milium
1240 3072 1671 3137 solvendorum
1700 3091 1812 3153 per
1839 3090 1954 3137 nos
1996 3089 2107 3154 per
2149 3071 2290 3136 illos
2319 3087 2506 3152 quam
2534 3069 2838 3152 longiores
2869 3074 2994 3134 ter-

660 3174 861 3239 minos
910 3178 977 3239 et
1034 3174 1229 3240 bonos
1290 3174 1504 3240 modos
1556 3174 1621 3239 in
1668 3174 1891 3256 quibus
1951 3176 2154 3239 vestre
2213 3172 2540 3255 prudentie
2589 3176 2885 3254 poterunt
2929 3191 2996 3237 se

665 3275 989 3342 convenire
1032 3294 1171 3341 cum
1214 3282 1393 3359 parte
1430 3275 1709 3357 adversa,
1757 3276 2145 3342 considerata
2174 3275 2528 3357 quantitate
2570 3275 2832 3358 pecunia
2874 3294 2996 3357 que

658 3382 755 3445 est
796 3377 1230 3462 grandissima.

861 3480 927 3547 Si
971 3499 1118 3547 vero
1158 3480 1448 3547 videbitis
1494 3484 1560 3547 et
1602 3480 1986 3563 cognoscetis
2030 3500 2318 3564 expresse
2360 3485 2426 3547 et
2470 3480 2797 3546 manifeste
2826 3480 2993 3563 quod

666 3602 813 3667 pars
858 3584 1119 3651 adversa
1162 3604 1275 3667 pro
1318 3584 1578 3667 pecunia
1622 3584 1796 3650 nullo
1839 3585 2023 3650 modo
2065 3584 2218 3649 velit
2245 3582 2449 3650 facere
2477 3582 2900 3651 remissionem
2929 3589 2995 3650 et

664 3687 1110 3770 quietationem
1152 3688 1529 3753 solutionum
1574 3686 1738 3751 Vllm
1792 3686 2178 3767 ducatorum,
2225 3705 2299 3752 eo
2325 3704 2474 3752 casu
2507 3685 2794 3751 nolumus
2830 3686 2996 3767 quod

656 3791 953 3873 aperiatis
1011 3809 1123 3856 vos
1180 3792 1258 3856 ad
1315 3791 1802 3873 promittendum
1855 3810 1970 3873 pro
2020 3790 2306 3856 habendo
2347 3789 2744 3869 Dalmatiam,
2793 3792 2994 3854 terras

658 3893 983 3959 ammissas
1026 3896 1091 3957 et
1134 3892 1531 3958 securitatem
1572 3897 1893 3977 ,terrarum
1947 3885 2200 3975 Imperii
2255 3892 2334 3957 ad
2377 3896 2620 3957 tantam
2663 3909 2986 3973 summam,

658 3996 765 4061 sed
810 3995 1191 4062 solummodo
1240 3996 1460 4061 damus
1502 3994 1676 4061 vobis
1718 3994 2075 4061 libertatem
2116 3996 2282 4077 quod
2336 3994 2587 4076 possitis
2630 3995 2995 4076 promittere

658 4098 739 4163 ad
774 4101 1019 4181 partem
1060 4098 1140 4163 ad
1183 4100 1426 4179 partem
1470 4116 1667 4180 usque
1703 4098 1785 4163 ad
1828 4116 2132 4162 summam
2182 4098 2548 4162 ducatorum
2590 4097 2992 4163 ducentorum

659 4200 917 4266 milium.
986 4200 1074 4267 Et
1101 4201 1367 4283 denique
1396 4200 1686 4267 videbitis
1716 4206 1781 4266 et
1804 4200 2052 4266 omnino
2084 4198 2615 4280 comprehendetis
2657 4200 2824 4283 quod
2870 4206 2990 4281 pax

656 4309 722 4370 et
764 4305 1159 4371 concordium
1201 4323 1327 4369 non
1369 4306 1568 4388 possit
1609 4304 1838 4383 habere
1880 4304 2082 4370 locum
2124 4302 2246 4368 nisi
2288 4321 2401 4368 nos
2441 4306 2868 4369 contentemur
2910 4302 2993 4367 ad

654 4406 995 4474 solutiones
1051 4408 1417 4474 ducatorum
1461 4406 1637 4473 V11m·
1728 4406 1901 4473 Tunc
1940 4424 2064 4472 non
2108 4405 2412 4490 possendo
2459 4404 2645 4472 aliter
2684 4404 2887 4471 facere
2929 4409 2994 4471 et
