3793 5187
1991 534 2070 605 ⁷6

862 750 1168 817 nostrum.
1248 744 1336 814 Et
1379 764 1515 813 cum
1558 745 1994 812 commissione
2042 744 2132 810 sic
2177 748 2464 811 correcta
2513 746 2886 828 expediatur
2932 750 3186 835 Capita-

862 870 1019 920 neus
1066 850 1227 919 Gulfi
1274 850 1761 934 suprascriptus,
1810 846 1894 913 Et
1927 846 2252 913 differatur
2301 846 2364 913 in
2409 849 2802 931 expediendo
2846 852 3186 921 Iohannem

864 954 945 1022 de
1002 952 1401 1039 reguardatis
1464 951 1877 1020 secretarium
1941 955 2224 1017 nostrum
2289 950 2524 1017 iturum
2581 952 2664 1018 ad
2720 956 3188 1045 serenissimum

863 1058 1181 1124 dominnm
1225 1056 1465 1139 Regem
1508 1054 1772 1121 Polonie
1822 1058 1887 1117 et
1931 1052 2276 1135 Hungarie,
2323 1053 2430 1134 qui
2470 1072 2589 1136 per
2630 1055 2822 1121 aliam
2862 1058 3029 1126 viam
3071 1060 3188 1127 ibit

866 1179 1007 1227 cum
1049 1158 1159 1227 illa
1202 1156 1659 1237 commissione,
1704 1172 1829 1236 que
1874 1153 2327 1221 deliberabitur
2369 1172 2484 1237 per
2526 1154 2647 1224 hoc
2691 1159 3035 1227 consilinm.

1164 1276 1266 1344 De
1306 1282 1492 1361 parte
1540 1278 1642 1342 24.

1060 1465 1397 1549 Sapientes
1466 1460 1712 1531 consilii
1780 1478 1996 1528 omnes
2063 1466 2128 1527 et
2189 1460 2308 1526 Ser
2375 1460 2747 1530 Leonardus
2807 1466 3184 1551 contareno,

862 1568 1151 1635 Andreas
1192 1566 1545 1644 Bernardo,
1604 1564 1912 1630 Antonius
1967 1562 2194 1642 Diedo,
2247 1561 2586 1631 Zacharias
2631 1564 3014 1636 Valavessus
3070 1570 3185 1638 Sa-

861 1673 1112 1756 pientes
1140 1674 1314 1737 terre
1343 1666 1523 1735 firme
1553 1666 1793 1744 volunt,
1837 1664 2009 1747 quod
2050 1662 2378 1731 differatur
2419 1665 2482 1731 in
2527 1667 2919 1749 expediendo
2957 1672 3186 1741 Iohan-

861 1791 1002 1842 nem
1046 1772 1127 1839 de
1170 1770 1595 1856 reguardatis,
1652 1774 1717 1834 et
1758 1766 2117 1834 licentietur
2174 1766 2290 1831 bec
2349 1768 2554 1849 galea,
2618 1788 2740 1851 que
2797 1779 3002 1841 restat
3046 1795 3186 1844 cum

864 1874 1299 1942 commissione
1350 1888 1517 1939 nunc
1562 1875 1750 1953 capta
1801 1869 1863 1933 in
1915 1868 2038 1935 isto
2091 1868 2371 1947 consilio,
2430 1887 2569 1935 cum
2621 1868 2738 1938 hac
2793 1879 3004 1943 tamen
3051 1896 3187 1945 cor-

862 1976 1161 2059 rectione,
1219 1974 1389 2060 quod
1451 1974 1636 2058 galea
1695 1971 1990 2055 Gorphoy
2053 1970 2298 2036 solicite
2355 1978 2655 2053 armetur,
2719 1991 2841 2055 que
2885 1986 3188 2059 sequatur

866 2078 1281 2163 Capitaneum
1324 2080 1611 2143 nostrum
1655 2072 2173 2157 suprascriptum.

1164 2520 1430 2595 (baffio
1462 2519 1523 2575 dt·
1552 2517 1707 2575 Scato
1738 2518 1795 2573 in
1839 2516 2080 2582 Veneni,

862 2608 1303 2667 Deliberanioni
1335 2607 1558 2666 Senatu
1592 2603 1835 2673 Secreti,
1873 2616 2033 2676 reg&
2071 2604 2137 2660 16
2160 2621 2208 2660 c.
2242 2603 2312 2660 68
2346 2604 2438 2675 t0.)

1820 2875 2246 2956 XXXVII.

1344 3015 1781 3090 wccccxml.
1820 3017 1916 3086 dl·
1959 3015 2049 3085 ΧΙ.
2091 3017 2388 3086 Pom-rii
2433 3021 2536 3094 (ιιι.
2577 3023 2678 3096 ι).

1339 3186 1677 3274 Magnifico
1724 3186 1954 3255 Comiti
1995 3186 2283 3254 Francbo
2326 3186 2694 3288 Thanloviz3

1062 3308 1193 3376 Sub
1237 3308 1341 3375 die
1382 3307 1463 3375 Π.
1509 3307 1805 3374 instantis
1834 3305 2325 3389 Magnifieientie
2355 3307 2586 3376 Vestre
2626 3309 3010 3392 scripsimus.
3061 3309 3184 3376 Co-

854 3413 1072 3479 mitem
1114 3417 1403 3478 nostrum
1450 3410 1715 3494 Spaleti,
1786 3407 1905 3476 sub
1944 3415 2167 3477 nostra
2209 3416 2580 3494 acceptasse
2623 3412 2987 3479 obedientia
3021 3413 3181 3496 poli-

854 3533 995 3580 zam
1036 3518 1103 3594 et
1146 3512 1529 3594 dalmissam,
1573 3513 1743 3596 quod
1776 3513 1958 3580 nobis
2004 3511 2338 3580 videbatur
2395 3515 2659 3580 iuridice
2697 3513 2834 3580 fieri
2873 3516 3178 3598 potuisse,

856 3616 1153 3701 quoniam
1220 3634 1299 3682 ea
1354 3615 1497 3682 loca
1538 3614 1918 3682 tenebantur
1972 3633 2091 3698 per
2137 3615 2444 3683 Comitem
2491 3615 2819 3684 Stefanum
2861 3617 3179 3688 notorium

852 3719 1105 3786 hostem
1145 3723 1449 3787 nostrum.
1536 3717 1665 3784 Sed
1705 3719 2002 3801 quoniam
2063 3723 2368 3801 expostea
2425 3737 2466 3785 a
2521 3719 2900 3786 Rectoribus
2947 3722 3181 3786 nostris

852 3819 1173 3889 Dalmatio
1236 3821 1546 3889 sensimus
1612 3818 2170 3903 Magnificientiam
2213 3825 2490 3886 vestram
2556 3822 2934 3904 pretendere
2977 3821 3075 3888 ius
3115 3823 3182 3889 in

855 3923 1040 3991 dictis
1083 3923 1239 3991 locis
1282 3921 1539 4004 habere,
1584 3941 1723 3988 cum
1766 3927 2017 3988 asserat
2059 3939 2138 3987 ea
2174 3922 2254 3988 de
2283 3920 2717 3988 iurisdictione·
2742 3921 3054 3990 bannatus
3083 3925 3182 3991 sui

855 4025 1161 4093 Orovacie
1195 4043 1357 4108 esse,
1406 4029 1476 4092 et
1514 4043 1640 4091 non
1685 4023 2084 4091 intendamus
2125 4023 2368 4091 iuribus
2411 4023 2676 4092 alicuius
2722 4025 3036 4110 derogare
3065 4045 3181 4094 nec

852 4127 1062 4194 aliena
1093 4131 1333 4210 tenere,
1379 4133 1446 4195 et
1473 4127 1801 4212 potissime
1832 4147 1910 4193 ea
1935 4145 2060 4210 que
2097 4121 2388 4210 spectare
2413 4127 2738 4195 videamus
2768 4125 3178 4212 Magnificen-

849 4231 939 4296 tie
970 4229 1205 4296 Vestro
1248 4248 1390 4298 cum
1435 4247 1563 4312 qua
1602 4229 1831 4296 bonam
1872 4235 2161 4296 tenemus
2199 4235 2266 4296 et
2307 4246 2566 4296 servare
2607 4230 2994 4298 intendimus
3025 4233 3178 4299 ami·

848 4330 1069 4399 eiciam
1132 4337 1198 4399 et
1258 4331 1767 4413 benivolentiam,
1828 4337 2080 4414 gratum
2141 4331 2540 4414 haberemus,
2607 4337 2674 4398 et
2731 4350 3049 4416 rogamus,
3107 4340 3181 4400 ut

848 4431 1384 4518 Magnificentiam
1429 4435 1725 4502 Vestram
1768 4435 1851 4502 ad
1893 4453 2012 4502 nos
2055 4435 2268 4502 mittat
2329 4436 2462 4502 eius
2507 4435 2799 4502 nuncium
2845 4437 2956 4518 qui
2997 4435 3176 4504 nobis
