3793 5187
1946 633 2073 722 214

849 836 1104 903 ecclesie
1169 835 1640 903 conservatione
1705 842 1773 902 et
1847 839 2125 920 comodo,
2184 838 2421 904 Verum
2464 841 2633 905 omni
2671 859 2951 907 meorum
2991 841 3188 907 domi-

843 957 1066 1003 norum
1141 939 1527 1021 quietatione
1595 943 1660 1005 et
1721 959 1911 1022 pace,
1974 961 2096 1023 que
2163 962 2239 1007 ex
2299 941 2437 1025 ipsa
2493 941 2847 1009 Varmiensi
2909 943 3190 1010 Ecclesia

846 1049 1104 1125 propter
1164 1041 1297 1107 eius
1359 1048 1570 1108 castra
1636 1045 1702 1107 et
1765 1042 1995 1126 oppida
2036 1043 2453 1110 munitissima
2496 1045 2776 1112 totaliter
2816 1047 3188 1128 dependent,

843 1151 916 1211 ut
959 1150 1137 1211 tanto
1185 1146 1540 1226 expedicius
1585 1149 1903 1227 tantoque
1944 1145 2201 1212 liberius
2250 1152 2434 1213 nacta
2463 1148 2671 1231 quiete
2713 1149 3053 1214 domestica
3079 1169 3185 1215 va-

847 1249 1010 1313 leam
1048 1249 1342 1330 prosequi
1391 1253 1646 1331 ceptam
1695 1249 2032 1315 tuicionem
2062 1249 2423 1333 Reipublice
2462 1251 2817 1332 christiane,
2855 1253 3021 1334 quod
3057 1252 3186 1335 pri-

841 1369 1012 1416 mum
1075 1351 1253 1417 cedet
1315 1353 1379 1416 in
1439 1352 1630 1418 decus
1687 1353 2029 1418 maximum
2072 1353 2299 1420 Vestre
2342 1354 2763 1420 Beatitudinis
2804 1359 2869 1420 et
2910 1355 3187 1421 Ecclaeie

839 1459 1052 1520 sancte
1093 1473 1422 1538 meumque
1482 1455 1781 1522 solacium
1843 1474 1969 1521 non
2013 1456 2338 1536 mediocre,
2402 1458 2481 1523 de
2544 1475 2667 1537 quo
2733 1456 2963 1524 Orator
3009 1475 3184 1523 meus

843 1561 908 1624 et
951 1556 1338 1624 Secretarius
1383 1556 1790 1624 Venerabilis
1833 1558 2146 1625 Iohannes
2184 1558 2453 1625 Brandis
2518 1561 2734 1642 paucis
2776 1565 2923 1626 ante
2964 1560 3183 1626 diebus

840 1663 920 1726 ad
983 1661 1273 1726 Vestram
1334 1660 1799 1726 Beatitudinem
1868 1661 2219 1726 destinatus
2295 1661 2523 1728 clarius
2598 1681 2738 1728 eam
2802 1662 3182 1729 informabit.

842 1764 1037 1843 Quam
1083 1761 1490 1845 Omnipotens
1534 1763 1687 1829 deus
1730 1783 1844 1846 pro
1889 1763 2189 1846 regimine
2232 1767 2299 1829 et
2337 1773 2703 1831 ornamento
2749 1765 3027 1830 Ecclesia
3068 1783 3181 1830 sue

840 1871 1054 1934 sancte
1096 1867 1204 1932 diu
1233 1867 1607 1932 incolumem
1652 1873 1718 1931 et
1759 1865 2007 1932 felicem
2047 1885 2414 1933 conservare
2442 1867 2737 1950 dignetur
2763 1881 3024 1949 meaque
3052 1866 3180 1932 sin-

844 1970 1046 2053 gulari
1115 1969 1560 2035 consolacione.
1665 1967 1901 2035 Datum
1974 1967 2273 2035 Cracovie
2328 1970 2599 2035 secunda
2662 1969 2897 2034 Mensis
2958 1967 3181 2034 Marcii

769 2147 774 2152 ,
839 2075 1020 2137 Anno
1065 2071 1322 2137 Domini
1364 2071 1696 2137 Millesimo
1740 2071 2352 2155 quadringentesimo
2396 2073 2816 2153 octuagesimo
2859 2090 3043 2138 nono.

1246 2175 1548 2240 Eiusdem
1585 2174 2006 2241 Beatitudinis
2050 2175 2278 2240 Vestre

1932 2277 2209 2344 Humilis
2251 2277 2417 2343 filius
2458 2277 2971 2342 Kazimirus

2209 2380 2470 2446 Polonie
2512 2380 2663 2446 Rex.

1037 2502 1116 2582 (A
1161 2499 1372 2583 tergm).
1440 2498 1845 2565 Sanctissime
1885 2499 1951 2564 in
2000 2500 2236 2566 christo
2288 2500 2457 2582 patri
2500 2504 2565 2565 ct
2606 2499 2877 2579 domino,
2925 2497 3173 2564 domino

841 2604 1212 2671 Innocencio
1271 2602 1502 2669 Divina
1559 2603 1957 2685 providencia
2020 2602 2431 2669 Sacrosancte
2488 2602 2769 2669 Romane
2820 2610 2885 2668 et
2926 2602 3173 2667 univer-

844 2708 994 2773 salis
1034 2706 1311 2773 Ecclesie
1357 2703 1615 2771 Summo
1659 2705 1939 2788 pontifici
1985 2706 2237 2772 domino
2282 2705 2778 2772 clementissimo.

1295 2842 1558 2911 (Archivio
1593 2841 1654 2895 di
1685 2840 1838 2896 Scato
1877 2842 1933 2895 in
1980 2840 2238 2910 Venezia).

831 2930 996 2987 Bolle
1031 2929 1100 2984 ed
1140 2928 1269 2983 Atti
1304 2927 1464 2983 della
1499 2926 1674 2984 Curia
1707 2926 1984 2983 Romana.
2050 2926 2237 2981 Busta
2273 2926 2356 2981 28.
2408 2925 2655 2981 Polonia
2688 2926 2738 2980 8.

1813 3252 2183 3330 XCVIII.

1027 3412 1404 3478 Beatissime
1453 3415 1636 3493 pater
1670 3414 1736 3475 et
1778 3408 2063 3487 Domine,
2133 3408 2377 3473 domine
2430 3406 2939 3473 Clementissime.
3018 3406 3163 3474 Non

821 3516 1118 3582 mediocri
1191 3515 1405 3582 dolore
1479 3512 1746 3579 affectus
1816 3510 1894 3578 ob
1971 3510 2285 3595 inJiuriam
2356 3511 2544 3576 michi
2619 3512 2955 3595 Regnoque
3024 3530 3161 3577 meo

827 3638 867 3685 a
921 3618 1271 3685 Sanctitate
1313 3622 1527 3682 vestra
1584 3615 1826 3680 illatam
1871 3614 2195 3680 scribendo
2258 3610 2596 3679 Sanctitati
2639 3614 2865 3680 Vestre
2917 3613 3163 3682 brevior

823 3740 983 3787 sum.
1053 3720 1477 3802 Frequencius
1508 3736 1769 3803 magnas
1803 3716 2139 3783 Sanctitati
2166 3721 2375 3782 -vestre
2404 3716 2666 3797 agebam
2691 3718 2948 3800 gratiaS,
2995 3720 3161 3801 quod

827 3823 1148 3890 Sanctitas
1193 3828 1403 3888 vestra
1447 3822 1680 3887 litteris
1723 3821 1852 3887 suis
1878 3820 2223 3901 verbisque,
2270 3838 2383 3901 per
2411 3817 2708 3885 Oratores
2736 3839 2909 3887 meos
2940 3840 2980 3887 a
3006 3821 3161 3888 San-

823 3929 1050 3993 ctitate
1093 3926 1327 3991 Vestra
1366 3925 1718 4004 redeunteS,
1767 3924 1959 3989 michi
1997 3922 2237 4002 relatiS,
2300 3922 2429 3987 filio
2473 3941 2609 3987 meo
2653 3923 2902 3989 domino
2941 3925 3157 3991 Fride-

823 4030 955 4096 rico
999 4030 1076 4095 de
1118 4028 1405 4093 Ecclesia
1430 4026 1784 4092 Varmiensi
1827 4044 2001 4109 spem
2034 4026 2259 4091 bonam
2290 4024 2721 4107 pollicebatur,
2768 4028 2935 4108 quod
2963 4028 3159 4094 eciam

815 4132 1263 4215 intelligenteS,
1311 4128 1699 4195 Serenissimi
1749 4129 1828 4195 do
1847 4128 2001 4195 mini
2046 4128 2395 4211 Imperator
2436 4130 2861 4195 Romanorum
2905 4137 2971 4196 et
3000 4130 3159 4197 Boe·

817 4236 940 4301 mie
983 4234 1206 4317 RegeS,
1255 4232 1718 4315 Consanguinei
1761 4232 1883 4297 mei
1929 4231 2283 4311 laudarunt,
2350 4232 2701 4314 litterisque
2744 4232 2874 4298 suis
2913 4232 3157 4300 Sancti-

819 4336 941 4401 tati
985 4343 1190 4402 vestre
1233 4337 1434 4418 ipsam
1478 4352 1730 4411 causam
1767 4334 2278 4399 commendarunt
2321 4333 2885 4401 animadvertentes
2924 4337 2988 4402 id
3032 4357 3157 4404 non

814 4456 1036 4520 parum
1080 4439 1234 4505 utile
1263 4414 1808 4624 esseffeipublice
1837 4434 2177 4502 christiane
2219 4436 2473 4520 Iurique
2508 4454 2646 4503 meo
2690 4437 3061 4505 conveniens
3090 4445 3156 4505 et

805 4559 1050 4624 aequm,
1114 4545 1303 4624 prout
1372 4559 1430 4609 o.
1487 4551 1588 4606 tor
1647 4556 1821 4605 meus
1891 4542 2048 4620 aput
2094 4538 2505 4606 Sanctitatem
2546 4544 2816 4605 vestram
2863 4546 2930 4605 et
2969 4540 3036 4606 in
3080 4560 3156 4609 ea
