3793 5187
1793 573 1925 640 204

699 786 872 850 state
951 779 1314 850 intercessit
1383 777 1733 845 accedente
1799 777 2199 861 potissimum
2280 777 2555 844 Gesaree
2626 776 3049 846 celsitudinis

698 892 898 968 atque
939 880 1342 951 serenissimi
1385 879 1590 964 geniti
1627 897 2035 946 romanorum
2079 879 2245 965 regis
2279 879 2667 963 interventu,
2702 898 2893 965 quem
2934 882 3039 966 (ut

699 1006 818 1072 par
863 989 988 1070 est)
1029 983 1287 1052 maximi
1327 982 1594 1051 facimus
1635 981 1920 1065 cupimus
1964 999 2093 1050 non
2132 981 2321 1048 modo
2364 983 2635 1050 salutem
2680 988 2750 1049 et
2783 1001 3041 1052 conser-
3168 1013 3175 1025 ·

699 1090 1017 1157 vationem
1059 1087 1237 1172 regni
1281 1085 1401 1166 sui,
1445 1089 1643 1166 atque
1681 1083 1854 1152 illius
1906 1083 2389 1168 amplitudinem
2454 1091 2523 1152 et
2560 1085 3041 1168 incrementum,

701 1210 923 1258 verum
971 1206 1226 1273 quoque
1269 1187 1474 1255 eidem
1534 1204 1650 1269 pro
1694 1192 1917 1254 nostra
1978 1187 2147 1254 virili
2213 1187 2281 1253 in
2346 1187 2609 1266 cunctis,
2669 1205 2795 1272 que
2867 1188 3055 1256 nobis

701 1293 1027 1378 possibilia
1060 1293 1190 1359 sint
1226 1288 1612 1373 gratificari:
1701 1288 2127 1368 Quamobrem
2169 1307 2387 1356 sumus
2452 1288 2842 1373 perlibenter
2882 1307 3031 1374 pro·

703 1395 965 1462 vintiam
1007 1392 1384 1475 suscepturi:
1472 1389 1596 1471 Qui
1634 1408 1778 1458 cum
1817 1395 2141 1457 oratorem
2205 1391 2411 1458 virum
2476 1408 2632 1458 sane
2672 1390 3051 1476 prudentem

701 1496 1048 1564 babeamus
1094 1495 1266 1579 apud
1307 1493 1622 1580 prefatum
1663 1494 2009 1561 Turcorum
2056 1493 2394 1576 dominum,
2454 1495 2514 1561 ei
2556 1494 2923 1576 scribemus,
2974 1500 3041 1560 et

703 1601 769 1667 in
811 1606 1172 1684 opportuna
1210 1603 1409 1683 atque
1452 1595 1694 1665 efficaci
1732 1597 1940 1663 forma
1978 1597 2396 1681 imponemus,
2458 1601 2641 1665 curet
2679 1615 2817 1664 rem
2853 1595 3047 1664 istam

706 1721 849 1770 cum
895 1721 974 1770 ea
1013 1703 1330 1787 gravitate
1373 1717 1754 1785 proponere,
1820 1717 2011 1782 quam
2052 1700 2252 1784 ipsius
2297 1701 2391 1768 rei
2434 1699 2714 1768 conditio
2760 1701 3052 1784 exposcit

704 1824 820 1889 pro
862 1804 1174 1888 dignitate
1234 1802 1410 1888 regie
1470 1801 1851 1870 Maiestatis.
1937 1801 2027 1868 Et
2088 1801 2433 1886 superinde
2490 1807 2646 1886 agat
2705 1821 2783 1870 ac
2846 1803 2901 1869 si
2943 1820 3057 1869 res

705 1907 961 1992 propria
1002 1912 1224 1974 nostra
1264 1910 1459 1973 esset.

951 2008 1053 2076 De
1095 2013 1282 2092 parte
1456 2010 1601 2075 128.

956 2110 1059 2177 De
1100 2129 1228 2177 non
1543 2112 1607 2177 4.

955 2211 1102 2280 Non
1144 2211 1374 2280 sinceri
1551 2217 1607 2278 1.

1015 2348 1282 2419 (arctam
1321 2346 1381 2402 aa·
1413 2345 1566 2404 stato
1597 2349 1654 2402 en
1697 2346 1959 2418 Venetia).

713 2431 1146 2491 Deliberazioni
1182 2433 1398 2490 Senato
1435 2430 1672 2500 Socrati,
1705 2448 1828 2504 reg.
1867 2431 1938 2487 33
1972 2447 2019 2486 c.
2064 2431 2133 2489 m
2165 2437 2207 2487 t.

1779 2706 1991 2785 XCI.

1395 2861 1902 2932 „ccccl-xxxvl.
1946 2862 2045 2931 die
2087 2863 2171 2931 ΙΙΙ.
2210 2862 2359 2931 Iulii.

905 3032 1216 3110 Quoniam
1259 3037 1551 3099 oratores
1597 3030 1871 3099 Cesaree
1916 3031 2275 3099 Maiestatis
2302 3036 2386 3099 ‘et
2430 3031 2830 3099 Serenissimi
2874 3033 3062 3116 regis

712 3134 982 3201 Polonie
1023 3138 1173 3217 post
1214 3134 1499 3219 auditam
1540 3134 2017 3217 responsionem
2062 3134 2154 3199 eis
2205 3134 2424 3201 datam
2469 3152 2549 3201 ex
2598 3133 3066 3203 deliberatione

712 3236 904 3303 huius
948 3236 1212 3317 consilii,
1260 3254 1385 3319 que
1427 3254 1546 3319 pro
1592 3240 1830 3317 quanto
1868 3236 2147 3319 pertinet
2188 3236 2270 3301 ad
2314 3236 2657 3303 articulum
2699 3237 2873 3319 quod
2911 3256 3068 3321 ope—

713 3358 851 3406 ram
894 3337 1184 3405 dabimus
1227 3358 1338 3423 per
1379 3339 1653 3406 medium
1695 3340 1970 3406 oratoris
2039 3339 2243 3406 nostri
2310 3338 2645 3405 existentis
2692 3337 3059 3406 Constanti-

713 3441 964 3523 nopolis
1005 3442 1172 3508 circa
1212 3459 1450 3525 pacem,
1508 3447 1623 3509 aut
1664 3442 1947 3510 indutias
2012 3442 2320 3509 ineundas
2391 3441 2561 3509 inter
2602 3441 2923 3525 prefatum
2963 3460 3069 3509 re·

716 3561 859 3625 gem
896 3547 965 3610 et
1007 3542 1298 3622 Tarsum,
1343 3543 1437 3610 eis
1477 3544 1819 3626 plurimum
1877 3543 2121 3627 placuit
2188 3549 2255 3610 et
2317 3550 2503 3627 grata
2561 3544 2685 3611 fuit
2726 3550 2920 3628 atque
2960 3562 3065 3611 sa-

715 3643 969 3725 tisfecit,
999 3662 1076 3711 ac
1100 3646 1340 3728 gratias
1383 3652 1602 3712 nostro
1634 3644 1886 3713 domino
1918 3652 2203 3729 egerunt,
2246 3665 2445 3713 unum
2480 3647 2676 3713 alium
2723 3647 3069 3715 articulum

716 3752 1196 3829 proposuerunt,
1260 3747 1568 3825 videlieet,
1638 3748 1810 3829 quod
1877 3766 2019 3814 cum
2084 3748 2225 3830 ipse
2276 3748 2653 3817 Maiestates
2718 3750 3059 3817 statuerint

718 3867 860 3915 esse
900 3848 1078 3916 unite
1117 3849 1418 3917 adversus
1463 3844 1941 3918 serenissimum
1996 3852 2235 3935 Regem
2278 3852 2604 3937 Hungarie
2671 3859 2740 3919 et
2807 3853 3067 3920 subiun-

719 3952 948 4032 xerint,
994 3950 1166 4033 quod
1207 3951 1288 4019 ob
1334 3953 1610 4019 animum
1654 3955 1857 4038 ipsius
1922 3954 2091 4038 regis
2156 3954 2370 4037 agitur
2438 3956 2629 4022 etiam
2686 3955 2767 4024 de
2810 3954 3057 4023 comuni

717 4074 789 4121 re
831 4060 897 4121 et
937 4054 1284 4121 securitate
1328 4061 1561 4137 nostra,
1604 4055 1828 4124 horate
1867 4076 1987 4124 nos
2030 4062 2181 4125 sunt
2242 4064 2315 4123 ut
2378 4058 2805 4139 advertamus,
2853 4062 2921 4125 et
2961 4076 3069 4124 ve-

719 4157 905 4224 limus
949 4156 1390 4226 Maiestatibus
1433 4160 1566 4225 suis
1611 4159 1838 4226 adesse
1880 4160 2139 4241 auxilio,
2181 4158 2385 4227 favori
2431 4165 2497 4226 et
2542 4160 2825 4242 consilio,
2874 4178 3067 4241 super

721 4278 847 4341 quo
888 4260 1221 4341 requirunt
1267 4260 1359 4328 eis
1403 4260 1714 4328 declarari
1777 4260 2191 4329 intentionem
2257 4262 2519 4330 dominii
2576 4264 2803 4343 nostri,
2872 4262 3065 4328 infer-

720 4366 933 4429 rentes
975 4361 1279 4445 implicite
1323 4380 1408 4444 qu
1513 4381 1705 4445 quam
1745 4382 1870 4431 non
1915 4364 2011 4429 ita
2048 4364 2366 4447 expressis
2411 4364 2641 4447 verbiS,
2689 4365 2860 4448 quod
2900 4364 3080 4431 inter

719 4482 836 4532 nos
879 4461 996 4531 fiat
1035 4464 1412 4548 intelligenti
1519 4472 1587 4537 et
1649 4464 2091 4546 confederatio,
2162 4466 2349 4534 sicuti
2417 4485 2534 4551 per
2578 4465 3075 4534 Serenissimum
