3793 5187
1943 506 2062 569 116

828 702 1161 769 curitatem
1204 706 1601 789 navigiorum
1646 713 1712 775 et
1753 708 2036 776 locorum
2090 716 2470 793 nostrorum,
2535 717 2599 779 et
2658 716 3165 796 persecutionem

829 824 1345 976 quorumcgnque
1395 809 1853 893 derobantium,
1901 812 2103 880 donec
2149 814 2322 881 aliud
2371 815 2552 882 vobis
2599 815 3057 883 mandabimus,

1194 930 1229 977 e
1272 916 1461 993 parte
1551 914 1694 980 108.

1130 1012 1231 1079 De
1271 1034 1397 1080 non
1640 1019 1698 1081 1.

1130 1115 1272 1181 Non
1316 1117 1547 1184 sinceri
1641 1121 1699 1184 1.

1031 1250 1149 1317 Ser
1203 1253 1507 1320 Antonius
1555 1255 1761 1321 Diedo
1809 1256 2220 1324 consiliarius
2272 1258 2426 1325 Vult
2471 1260 2640 1324 circa
2683 1260 2948 1342 primum
2995 1262 3166 1343 eapi-

827 1352 1028 1418 tulum
1074 1358 1572 1440 suprascriptum
1635 1361 1805 1442 quod
1868 1362 2251 1443 capitaneus
2297 1362 2458 1428 Culfi
2513 1382 2650 1429 cum
2695 1381 2812 1428 sua
2855 1364 3056 1445 galea,
3104 1370 3169 1430 et

826 1474 955 1521 una
992 1476 1072 1522 ex
1115 1459 1314 1541 galeis
1349 1460 1557 1543 Crete,
1602 1463 1697 1527 ire
1730 1464 1963 1529 debeat
1993 1464 2078 1530 ad
2120 1464 2606 1547 repperiendum
2646 1466 2851 1530 virum
2893 1466 3168 1533 nobilem

829 1557 949 1624 Ser
991 1560 1377 1628 Ludovicum
1419 1563 1798 1631 Lauredano
1852 1572 2335 1648 procuratorem
2384 1568 2796 1650 Capitaneum
2840 1568 3166 1651 galearum

826 1663 1051 1728 summi
1096 1664 1421 1733 Pontificis
1484 1674 1549 1733 et
1610 1670 2076 1751 supracomitus
2140 1670 2322 1753 galee
2387 1670 2466 1735 de
2510 1670 2796 1736 Venetiis
2843 1672 3166 1751 restantiS,

826 1773 1157 1833 remaneat
1208 1769 1716 1852 vicecapitaneus
1770 1771 1931 1839 Culfi
1978 1793 2116 1839 cum
2162 1793 2288 1839 una
2329 1774 2515 1857 galea
2561 1772 2844 1839 Candide
2881 1778 3168 1840 restante

828 1871 895 1933 et
936 1868 1137 1951 galeis
1181 1871 1261 1937 de
1308 1872 1624 1957 Corphoy.

1136 1973 1231 2039 De
1274 1980 1456 2057 parte
1594 1981 1694 2043 35.

1134 2076 1229 2142 De
1271 2096 1397 2143 non
1638 2084 1691 2145 1.

1136 2179 1279 2245 Non
1322 2182 1545 2247 sinceri
1639 2186 1693 2249 1.

1108 2297 1371 2368 (Archivio
1407 2299 1465 2355 di
1496 2300 1650 2357 Staio
1696 2302 1938 2367 szezt'a,

976 2382 1199 2440 Senato
1242 2386 1483 2455 Secreti,
1526 2404 1652 2459 reg.
1698 2389 1767 2444 16
1814 2406 1861 2444 ο.
1908 2390 2010 2445 104
2043 2390 2110 2460 t.)

1882 2639 2101 2716 LIII.

1550 2768 1984 2838 ”ccccxl-llll.
2029 2771 2124 2839 die
2169 2770 2271 2837 ΙΙΙΙ.
2319 2771 2460 2838 iulii.

1034 2919 1337 2998 Quoniam
1382 2921 1633 2988 omnino
1678 2923 2094 2988 necessarium
2161 2927 2258 2988 est
2298 2921 2681 3004 prestissime
2723 2922 3051 3006 providere
3093 2921 3172 2986 de

830 3023 1112 3105 pecuniis
1155 3023 1505 3091 Secretario
1548 3030 1784 3106 nostro,
1832 3025 1940 3108 qui
1984 3027 2188 3091 iturus
2223 3031 2320 3092 est
2349 3026 2427 3092 de
2455 3031 2672 3091 nostro
2707 3024 3004 3090 mandato
3032 3042 3172 3089 cum

831 3126 1108 3191 exercitu
1154 3128 1635 3193 christianorum
1678 3128 1978 3193 adversus
2023 3127 2308 3208 Teucros,
2373 3132 2438 3193 et
2492 3129 2614 3193 nisi
2658 3127 2828 3192 istud
2875 3125 3172 3192 citissime

832 3228 960 3309 fiat,
1023 3235 1262 3295 certum
1310 3234 1407 3296 est
1451 3230 1615 3312 quod
1678 3231 2036 3297 discedente
2105 3233 2378 3297 exercitu
2421 3231 2500 3296 de
2543 3229 2827 3313 partibus
2873 3228 3173 3312 hungarie

831 3331 923 3396 ire
969 3350 1093 3397 non
1135 3333 1388 3415 poterit,
1435 3333 1629 3398 Vadit
1672 3351 1838 3417 pars,
1882 3334 2057 3413 Quod
2107 3353 2254 3416 pars
2298 3334 2496 3416 pridie
2539 3338 2722 3415 capta
2757 3333 2836 3398 de
2865 3332 2989 3398 illis
3019 3331 3171 3396 dua·

832 3431 947 3498 bus
992 3433 1264 3501 dimidiis
1329 3454 1442 3518 pro
1503 3435 1857 3500 centenario
1918 3454 2180 3520 quarum
2242 3437 2583 3502 solutiones
2635 3436 2853 3502 stricte
2897 3434 3169 3516 fuerunt,

832 3535 1209 3602 reformetur
1268 3541 1332 3602 in
1394 3541 1660 3618 tantum,
1720 3539 1886 3621 quod
1926 3540 2002 3604 de
2047 3539 2326 3622 pecuniis
2389 3540 2667 3622 ipsarum
2709 3537 3173 3621 impositionum

832 3636 1030 3721 accipi
1089 3640 1333 3720 possint
1389 3641 1651 3706 ducatos
1704 3641 2162 3724 quadringenti,
2226 3641 2334 3724 qui
2395 3660 2506 3724 per
2547 3641 2712 3706 viam
2757 3639 2997 3721 cambii,
3063 3643 3176 3704 aut

833 3739 1019 3806 aliter
1062 3743 1399 3807 mittantur
1443 3743 1609 3808 illico
1649 3741 1730 3806 ad
1776 3742 2194 3809 Secretarium
2235 3746 2517 3808 nostrum
2549 3741 2899 3825 predictum
2928 3747 3002 3806 ut
3031 3760 3173 3808 exe-

832 3843 943 3926 qui
986 3843 1193 3910 valeat
1229 3853 1446 3910 nostra
1487 3845 1801 3910 mandata.

1138 3946 1233 4011 De
1275 3951 1456 4029 parte
1600 3951 1699 4012 91.

1136 4049 1233 4114 De
1273 4067 1399 4114 non
1605 4054 1702 4116 15.

1138 4149 1281 4217 Non
1327 4152 1550 4217 sinceri
1644 4157 1701 4217 2.

1003 4268 1266 4340 (Archive‘o
1292 4269 1350 4324 da·
1370 4269 1523 4325 Stato
1548 4271 1602 4324 in
1637 4268 1879 4334 Venezt‘m

938 4355 1156 4414 Senato
1204 4355 1348 4412 Mar.
1395 4373 1506 4428 reg
1520 4369 1557 4398 ⁰·
1591 4357 1627 4410 2
1674 4361 1836 4410 carto
1874 4353 1982 4425 17.)

1748 4475 2260 4496 mm
