3793 5187
1740 550 1859 619 101

640 761 777 827 leas
817 761 993 844 ipsas
1035 761 1208 827 nullo
1251 764 1440 843 pacto
1485 778 1782 825 exercere
1828 758 1992 823 velle
2037 760 2156 825 nisi
2218 764 2441 825 contra
2479 758 2756 842 perfidos
2802 760 2964 826 Teu-

640 884 803 945 croS,
849 864 1131 944 Ideoque
1178 854 1733 929 commemoramus
1767 862 1956 927 etiam
1985 852 2121 941 tibi,
2169 862 2338 943 quod
2369 863 2424 928 si
2453 860 2746 944 fortasse,
2793 864 2963 944 quod

645 971 855 1031 tamen
898 984 1025 1030 non
1071 965 1384 1031 credimus
1435 965 1848 1047 contingeret,
1895 963 2067 1046 quod
2106 961 2393 1046 prefatus
2437 965 2820 1049 capitaneus
2864 983 2960 1031 re-

640 1074 861 1151 spectu
906 1072 1149 1133 armate
1195 1066 1461 1147 Sultani,
1507 1070 1619 1131 aut
1660 1064 1887 1145 Rhodi,
1939 1066 2158 1147 galeas
2199 1067 2518 1148 predictas
2567 1068 2753 1133 aliter
2783 1086 2964 1133 exer-

640 1190 784 1237 cere
826 1170 1039 1249 vellet,
1088 1170 1413 1235 declarare
1457 1168 1577 1235 sibi
1624 1168 1856 1236 debeas
1899 1168 2349 1250 promissiones
2388 1169 2570 1236 nobis
2613 1167 2834 1249 factas,
2880 1168 2964 1234 si-

640 1276 746 1339 cut
774 1271 1128 1357 prefertur,
1174 1277 1239 1337 et
1279 1271 1639 1354 providere,
1700 1270 1872 1353 quod
1915 1271 2120 1336 locum
2165 1270 2464 1352 habeant,
2519 1276 2586 1337 et
2629 1271 2802 1353 quod
2843 1272 2968 1337 ista

637 1380 859 1441 nostra
906 1374 1176 1439 intentio
1240 1372 1658 1456 adimpleatur
1704 1374 1866 1439 sicut
1909 1375 1972 1438 in
2016 1374 2386 1456 precedenti
2434 1374 2722 1456 Capitulo
2769 1374 2967 1439 conti-

638 1482 842 1544 netur.
910 1476 998 1541 Et
1040 1477 1095 1541 si
1138 1476 1305 1543 idem
1354 1475 1737 1556 Capitaneus
1781 1494 1903 1557 pur
1953 1481 2321 1557 perseveret
2362 1476 2426 1541 in
2478 1476 2771 1557 opinione
2821 1494 2965 1559 pre-

641 1580 827 1659 dicta,
873 1580 1179 1659 volumuS,
1225 1584 1298 1644 ut
1338 1577 1500 1644 hanc
1541 1584 1815 1643 mentem
1858 1583 2143 1643 nostram
2187 1578 2469 1644 declares
2515 1576 2967 1660 Supracomitis

643 1682 983 1748 Galearum
1044 1682 1189 1747 hinc
1233 1685 1618 1746 armatarum
1676 1680 1926 1745 nomine
1968 1680 2237 1762 predicti
2283 1680 2332 1745 I.
2379 1680 2455 1745 D.
2497 1680 2712 1759 DuciS,
2757 1684 2830 1743 ut
2871 1680 2966 1743 in-

640 1783 1024 1850 violabiliter
1053 1782 1173 1849 hoc
1201 1781 1568 1849 mandatum
1596 1788 1881 1848 nostrum
1913 1781 2271 1863 observent,
2302 1782 2418 1849 sub
2444 1800 2610 1865 pena
2639 1781 2966 1847 amittendi

642 1885 867 1968 capita.
940 1884 1030 1951 Et
1074 1904 1151 1950 ex
1187 1903 1349 1951 nunc
1405 1888 1655 1967 captum
1702 1885 1804 1965 sit,
1860 1884 2031 1965 quod
2075 1885 2154 1950 de
2193 1884 2310 1951 hac
2356 1884 2808 1951 deliberatione
2854 1900 2968 1948 no-

641 1993 794 2067 stra,
839 1992 973 2052 tam
1016 1987 1328 2070 prelibato
1372 1986 1459 2051 M.
1494 1986 1842 2068 capitaneo
1890 2004 2077 2067 quam
2124 1986 2314 2052 etiam
2343 1984 2798 2069 Supracomitis
2830 1983 2968 2050 dari

644 2082 873 2155 debeat
915 2088 1150 2155 noticia
1180 2092 1555 2171 opportuna,
1601 2093 1747 2153 ante
1777 2106 1960 2153 suum
1990 2087 2133 2153 hinc
2164 2087 2528 2153 discessum.
2596 2088 2778 2154 Cum
2821 2104 2968 2169 pre-

641 2191 773 2259 fato
814 2198 1027 2258 autem
1068 2192 1153 2257 M.
1190 2191 1539 2274 Capitaneo
1570 2190 2087 2275 Burgondiensis,
2122 2190 2274 2256 licet
2305 2210 2382 2255 ex
2415 2188 2604 2256 solita
2629 2188 2970 2272 prudentia

643 2299 771 2374 tua,
835 2294 900 2360 id
961 2314 1084 2361 non
1145 2293 1447 2376 expedire
1504 2298 1817 2376 putemus,
1877 2293 2164 2358 volumus
2206 2298 2418 2357 tamen
2463 2292 2634 2373 quod
2678 2295 2860 2373 grate
2905 2294 2970 2355 et

643 2394 912 2461 humane
954 2400 1020 2460 te
1063 2395 1297 2461 habeas
1336 2394 1700 2461 honorando
1744 2394 1953 2476 ipsum
1994 2394 2227 2460 intuitu
2253 2395 2304 2460 I.
2333 2393 2586 2459 Domini
2617 2395 2734 2473 sui,
2780 2397 2845 2457 et
2873 2389 2968 2457 fa-

645 2496 842 2563 cendo
886 2497 1007 2563 sibi
1052 2498 1261 2563 omnia
1305 2498 1631 2563 commoda
1674 2496 2016 2579 possibilia.

845 2651 1194 2733 Postquam
1236 2651 1614 2733 applicueris
1663 2653 1725 2716 in
1770 2651 2058 2716 strictum
2090 2650 2416 2734 Galipolis,
2461 2650 2518 2715 si
2563 2651 2728 2716 sicut
2765 2648 2968 2714 credi-

644 2771 781 2818 mus
814 2754 997 2836 galee
1042 2753 1439 2819 serenissimi
1487 2753 1736 2817 Domini
1770 2753 2182 2835 Imperatoris
2215 2751 2758 2834 Constantinopoli
2787 2757 2972 2816 erunt

643 2860 935 2938 prompte
980 2855 1062 2920 ad
1103 2854 1357 2920 favores
1398 2854 1582 2920 huius
1628 2857 1944 2937 impresie,
1991 2857 2154 2921 sicut
2193 2873 2263 2921 se
2304 2854 2614 2921 facturum
2661 2854 2970 2937 promisit,

646 2955 808 3022 bene
841 2956 1112 3037 quidem,
1160 2955 1426 3035 Quando
1456 2976 1607 3023 vero
1639 2977 1761 3022 non
1795 2963 2010 3024 essent
2039 2959 2130 3022 ita
2156 2963 2467 3040 prompte,
2499 2962 2566 3022 et
2596 2956 2766 3037 quod
2802 2957 2972 3021 lente

648 3058 1027 3141 procederet
1062 3060 1128 3125 in
1169 3059 1361 3126 rebus
1400 3060 1545 3138 illis,
1602 3061 1703 3126 Ita
1756 3061 1924 3143 quod
1982 3061 2151 3127 istud
2209 3060 2367 3126 utile
2410 3061 2813 3138 iudicaretur,
2877 3058 2969 3124 vi-

652 3160 909 3227 deretur
950 3161 1151 3242 nobie,
1215 3162 1385 3243 quod
1443 3161 1663 3228 habita
1724 3165 1900 3245 prius
1965 3169 2324 3245 opportuna
2387 3162 2720 3228 collatione
2780 3179 2972 3242 super

643 3261 763 3330 hac
804 3263 1073 3329 materia
1112 3281 1250 3329 cum
1279 3265 1355 3330 R.
1387 3264 1655 3331 Domino
1684 3265 1948 3348 Legato‚
1997 3284 2198 3347 eoque
2227 3267 2293 3331 in
2322 3265 2450 3331 ista
2481 3263 2794 3330 sententia
2823 3279 2970 3328 con-

647 3370 936 3431 currente
976 3368 1336 3433 mitteretur
1384 3373 1449 3433 et
1493 3368 1751 3432 daretur
1783 3368 1986 3433 omnis
2017 3386 2214 3450 opera
2245 3367 2416 3450 apud
2446 3367 2655 3449 ipsum
2686 3365 2971 3430 Serenis-

645 3467 867 3532 simum
888 3467 963 3532 D.
982 3467 1437 3550 Imperatorem
1464 3467 2042 3551 Constantinopolis
2065 3474 2196 3534 tam
2219 3487 2333 3534 suo
2358 3469 2625 3548 nomine,
2645 3486 2833 3550 quam
2857 3485 2973 3550 per

644 3573 729 3649 te,
788 3572 1008 3634 nostro
1068 3569 1340 3649 nomine,
1402 3572 1477 3634 ut
1518 3587 1635 3650 pro
1682 3571 2008 3636 commodo
2051 3571 2220 3636 illius
2273 3575 2492 3636 sancte
2549 3570 2848 3652 impresie
2897 3587 2974 3635 ac

648 3669 775 3736 Sue
820 3669 1195 3737 Serenitatis
1254 3677 1319 3736 et
1368 3670 1564 3737 totius
1610 3671 2104 3739 Christianitatis
2143 3691 2259 3754 pro
2302 3672 2541 3738 viribus
2587 3691 2780 3755 agere
2821 3671 2976 3737 velit

654 3777 876 3839 contra
918 3773 1215 3854 Teucros,
1274 3772 1362 3838 Et
1404 3791 1619 3840 omnes
1674 3773 1926 3840 favores
1983 3793 2132 3841 suos
2179 3780 2243 3840 et
2284 3773 2611 3840 commoda
2649 3773 2976 3856 possibilia

646 3873 1012 3958 impendere
1055 3875 1201 3942 huic
1242 3877 1453 3941 divino
1499 3878 1775 3960 negotio.

846 4027 915 4094 Si
943 4029 1009 4092 in
1038 4028 1158 4094 hac
1186 4028 1577 4110 profectione
1619 4036 1748 4110 tua,
1794 4049 1920 4096 non
1966 4031 2344 4098 discedendo
2371 4037 2600 4112 tamen,
2633 4035 2746 4097 aut
2775 4031 2974 4096 allon-

647 4129 1010 4213 ginquando
1054 4136 1120 4197 te
1164 4150 1204 4197 a
1245 4138 1423 4198 recta
1465 4135 1569 4199 via
1608 4138 1739 4214 tua,
1804 4136 2190 4215 persentires
2217 4139 2359 4200 .aut
2403 4133 2695 4201 obviares
2733 4133 2973 4214 ‚aliqui-

648 4232 765 4299 bus
794 4233 1078 4314 navigiis,
1126 4251 1249 4314 que
1282 4253 1397 4316 per
1428 4253 1523 4315 ea,
1570 4253 1693 4316 que
1723 4237 1993 4302 sentires
2022 4235 2384 4303 intulissent
2413 4236 2666 4318 aliquod
2697 4235 2978 4301 notabile

647 4335 938 4399 damnum
984 4335 1252 4417 navigiis
1296 4342 1409 4401 aut
1455 4337 1724 4403 subditis
1763 4339 2018 4416 nostriS,
2065 4339 2350 4404 volumus
2382 4339 2553 4420 quod
2584 4339 2976 4410 comunicata

646 4435 773 4503 ista
812 4437 1082 4504 materia
1126 4455 1263 4503 cum
1307 4438 1619 4522 prelibato
1668 4439 1742 4506 R.
1775 4440 1851 4506 D.
1881 4441 2143 4524 Legato,
2192 4459 2330 4507 cum
2361 4441 2528 4508 bona
2558 4442 2692 4508 eius
2723 4441 2976 4509 licentia
