3793 5187
1823 440 1945 515 107

712 648 993 721 consulte
1033 650 1384 737 procedere
1430 650 1811 737 dirrigentes
1851 660 2064 721 tamen
2108 674 2324 721 omnes
2369 657 2629 739 spiritus
2673 662 2926 721 nostros
2971 643 3055 720 ad

712 760 945 825 bonam
990 758 1432 824 executionem
1474 758 1643 825 illins
1690 765 1908 824 sancte
1939 760 2238 841 impresie
2285 759 2852 840 desiderantesque
2882 758 3054 839 qnod

710 862 775 926 in
818 861 1123 927 honorem
1186 861 1639 944 omnipotentis
1686 861 1827 941 Dei,
1884 862 2118 927 Vestre
2163 860 2712 928 Reverendissime
2765 860 3053 943 paterni-

710 964 886 1045 tatis,
934 968 999 1029 et
1044 964 1211 1029 illius
1260 962 1660 1030 Serenissimi
1704 964 1918 1047 RegiS‚
1973 964 2298 1045 totiusque
2345 962 2844 1042 christianitatis
2895 964 3056 1028 voti-

711 1084 859 1130 vum
888 1066 1195 1132 sortiatur
1227 1065 1535 1146 effectum,
1582 1066 1732 1132 licet
1762 1084 1904 1131 cum
1933 1064 2185 1148 prefato
2217 1064 2770 1132 Reverendissimo
2801 1066 3056 1131 domino

714 1169 1035 1234 cardinali
1074 1169 1613 1235 vicecancellario
1674 1176 1822 1234 ante
1880 1188 2062 1234 suum
2114 1169 2260 1235 hinc
2319 1168 2666 1234 discessum
2720 1167 3058 1234 contuleri-

710 1290 849 1338 mus
894 1272 974 1337 de
1017 1290 1089 1336 re
1134 1272 1277 1351 ista,
1323 1272 1678 1351 statuimuS,
1723 1276 1936 1337 tamen
1981 1270 2101 1335 sibi
2142 1272 2398 1335 mittere
2443 1270 2800 1353 exemplum
2836 1269 3056 1335 litera-

710 1394 851 1440 rum
893 1377 1252 1439 vestrarum
1318 1373 1707 1456 prefatarum
1770 1374 1898 1439 diei
1945 1373 2166 1455 quinti,
2231 1373 2624 1455 loquentium
2670 1372 2750 1437 de
2794 1391 2864 1437 re
2908 1374 3054 1453 ista,

709 1496 827 1543 nec
868 1497 993 1543 non
1038 1477 1199 1543 alias
1228 1477 1471 1557 literas,
1522 1493 1680 1558 quas
1722 1482 1952 1559 postea
1993 1492 2032 1540 a
2075 1475 2629 1541 Reverendissima
2655 1474 3056 1542 Paternitate

710 1586 929 1646 vestra
995 1580 1406 1662 suscepimuS,
1478 1578 1854 1644 dirrectivas
1919 1579 2043 1661 ipsi
2107 1577 2358 1643 domino
2427 1575 2749 1643 Cardinali
2818 1577 3054 1659 legato.

714 1682 1417 1763 commemoramusqne
1462 1685 1528 1746 et
1571 1681 1902 1748 hortamur
1947 1698 2124 1745 suam
2169 1679 2784 1746 Reverendissimam
2829 1679 3056 1745 Pater-

710 1785 995 1865 nitatem,
1039 1788 1113 1848 ut
1156 1802 1297 1849 cum
1337 1784 1460 1849 erit
1498 1784 1563 1848 in
1608 1783 1833 1849 strictu
1881 1782 2193 1865 Galipolis
2234 1782 2626 1848 comunicata
2658 1800 2729 1848 re
2761 1783 2886 1848 ista
2918 1802 3058 1849 cum

715 1888 1067 1969 Capitaneo
1108 1888 1433 1969 galearum
1496 1887 1721 1951 summi
1766 1884 2094 1951 Pontificis
2144 1884 2244 1951 eui
2289 1886 2480 1949 etiam
2527 1902 2642 1949 nos
2691 1884 3058 1967 scripsimus

714 1995 1071 2073 opportune
1127 1990 1343 2055 mittat
1388 2008 1503 2071 pro
1548 1988 1794 2053 meliori
1856 1989 2227 2054 executione
2285 1986 2437 2053 facti
2491 1993 2692 2069 utque
2734 1988 3058 2070 potentius

714 2091 872 2158 fiant
902 2110 1275 2174 quecunque
1303 2090 1515 2157 fienda
1545 2096 1710 2170 sunt,
1737 2097 1879 2157 octo
1907 2090 2007 2156 vel
2037 2089 2254 2173 plnres
2286 2090 2504 2173 galeas
2537 2108 2678 2156 cum
2704 2087 2814 2155 illo
2840 2090 3058 2155 ordine

717 2195 826 2277 qui
869 2195 1193 2261 videbitur
1236 2199 1628 2277 opportunus
1676 2212 1799 2275 que
1842 2212 1960 2276 per
1997 2193 2357 2259 Danubium
2400 2212 2514 2259 seu
2559 2211 2684 2274 quo
2732 2210 2890 2275 opus
2935 2192 3062 2258 erit

717 2298 952 2364 vadant
995 2316 1196 2379 usqne
1240 2297 1615 2379 Nicopolim,
1676 2316 1791 2363 seu
1845 2314 1970 2378 quo
2021 2314 2180 2379 opus
2221 2297 2361 2375 erit,
2406 2295 2643 2361 vadant
2685 2295 2769 2363 ad
2814 2314 3060 2361 omnem

716 2398 999 2468 favorem
1030 2399 1399 2482 possibilem
1428 2398 1937 2481 impendendum,
1965 2404 2040 2465 ut
2067 2398 2384 2464 exercitus
2417 2398 2902 2463 christianornm
2926 2398 3060 2463 Da-

718 2496 977 2567 nubium
1014 2503 1289 2569 transire
1316 2502 1543 2585 possit,
1586 2502 1661 2567 In
1693 2519 1819 2582 quo
1850 2502 2125 2567 transitu
2151 2500 2496 2566 consistere
2542 2500 2827 2565 videmus
2858 2500 3060 2566 victo-

714 2608 875 2672 riam
916 2607 1087 2672 illins
1133 2606 1409 2689 gloriose
1451 2604 1767 2687 impresie,
1816 2604 1904 2670 Et
1947 2603 2067 2669 hoc
2107 2603 2369 2670 dicimus
2412 2604 2476 2669 in
2523 2607 2826 2684 quantum
2854 2601 3060 2668 Reve-

710 2707 1127 2775 rendissimus
1159 2707 1449 2775 (lominus
1490 2708 1843 2774 cardinalis
1874 2707 2181 2786 VenetuS‚
2226 2725 2339 2772 seu
2389 2706 2687 2772 ductores
2733 2704 3058 2790 galearum

716 2812 779 2878 in
804 2811 1167 2877 Danubium
1194 2813 1507 2876 iturarum
1538 2829 1577 2876 a
1598 2811 1833 2876 Vestra
1854 2809 2408 2876 Reverendissima
2433 2809 2857 2875 dominatione
2888 2807 3061 2874 aliud

716 2915 781 2981 in
812 2916 1195 2981 contrarium
1238 2931 1365 2990 non
1408 2914 1732 2980 haberent.
1796 2913 1885 2978 Et
1926 2932 2044 2996 pro
2088 2914 2258 2978 bona
2303 2913 2674 2978 executione
2716 2910 2902 2976 huius
2946 2930 3060 2977 ne-

716 3015 891 3100 gotii,
936 3015 1167 3083 fuimns
1202 3031 1397 3098 super
1431 3015 1570 3097 hoc,
1618 3035 1759 3082 cum
1788 3014 2127 3098 Magnifico
2161 3015 2412 3080 domino
2463 3015 2542 3080 de
2575 3013 2836 3080 Wahrin
2871 3014 3060 3096 Capi-

714 3127 905 3187 taneo
934 3119 1261 3203 galearum
1295 3118 1713 3186 Illustrissimi
1746 3119 1982 3184 domini
2014 3119 2190 3184 ducis
2219 3117 2602 3202 Burgondie,
2647 3117 2897 3198 sibique
2926 3115 3063 3183 effi-

718 3224 952 3290 caciter
980 3223 1413 3306 persuasimus
1442 3241 1578 3288 rem
1605 3224 1795 3288 istam
1822 3221 1930 3304 qui
1959 3221 2151 3287 etiam
2180 3205 2512 3303 promptus
2544 3224 2611 3286 et
2641 3223 2908 3302 paratus
2939 3219 3064 3286 erit

714 3326 796 3391 ad
841 3327 1051 3392 omnia
1101 3327 1547 3392 concernentia
1598 3326 1881 3390 votivum
1928 3325 2184 3404 exitum,
2237 3330 2302 3390 et
2341 3324 2576 3389 bonam
2621 3324 3060 3389 executionem

717 3428 888 3495 illius
923 3431 1141 3494 sancte
1176 3428 1495 3510 impresie.
1553 3428 1865 3494 Preterea
1894 3427 1977 3493 ad
2007 3426 2514 3493 informationem
2555 3425 2909 3508 pleniorem
2939 3425 3065 3492 Ve-

716 3537 848 3598 stre
877 3529 1429 3597 Reverendissime
1459 3530 1872 3596 Paternitatis
1905 3529 2111 3595 eidem
2139 3528 2446 3594 mittimus
2478 3530 2785 3594 insertam
2817 3529 3064 3610 copiam

716 3637 1045 3702 literarum
1091 3654 1251 3717 quas
1295 3635 1661 3717 scripsimus
1691 3633 1942 3716 prefato
1973 3632 2525 3698 Reverendissimo
2559 3630 2810 3696 domino
2839 3629 3062 3697 Cardi-

712 3738 840 3804 nali
870 3738 1087 3821 legato
1109 3737 1645 3804 vicecancellario
1674 3742 1742 3802 et
1773 3736 2124 3819 capitaneo
2154 3734 2391 3802 Classis
2423 3752 2618 3816 super
2645 3733 2916 3799 materia
2950 3751 3063 3798 an-

717 3842 983 3908 tedicta.

1062 3926 1165 3992 De
1205 3931 1393 4008 parte
1528 3927 1629 3991 97.

1062 4021 1165 4086 De
1210 4038 1336 4086 non
1569 4023 1633 4086 4.

1066 4115 1213 4181 Non
1256 4113 1485 4181 sinceri
1572 4115 1632 4178 1.

942 4215 1207 4286 (Archivio
1242 4215 1302 4270 di
1332 4213 1487 4270 Scato
1529 4211 1773 4278 Venezia,

828 4301 1048 4359 Senato
1096 4299 1341 4372 Secreti,
1386 4317 1511 4372 reg.
1549 4299 1617 4355 16
1662 4316 1710 4354 c.
1747 4297 1889 4370 103.)
