3793 5187
1832 499 1953 567 141

1758 809 2018 884 LXII.

1078 963 1515 1034 ΜΟΩΒΟΧΗΙΙΙ.
1560 964 1656 1031 die
1699 964 1808 1032 Χν.
1855 962 2151 1030 Februarii
2199 969 2391 1040 (more
2435 965 2695 1041 veneto).

841 1171 960 1236 Ser
1012 1169 1269 1236 Andree
1320 1169 1576 1236 Donato
1631 1169 1816 1235 militi
1871 1169 2132 1236 Oratori
2183 1173 2403 1234 nostro
2456 1167 2537 1233 ad
2594 1167 2924 1234 Summum

1689 1270 2080 1337 Pontificem.

919 1425 1046 1492 Per
1072 1426 1293 1492 literas
1327 1430 1579 1492 nostras
1621 1424 1807 1493 datas
1831 1425 1943 1490 VI.
1970 1425 2267 1492 instantis
2299 1429 2365 1490 et
2392 1425 2733 1508 replicatas
2766 1422 2869 1488 die
2890 1421 3063 1488 v111.

711 1528 1068 1610 intelligere
1113 1528 1412 1611 potuistis
1459 1545 1648 1610 quarn
1713 1528 1981 1593 moleste
2042 1525 2402 1592 ferebamus
2451 1527 2531 1592 de
2568 1527 2752 1592 nobis
2803 1523 3063 1606 obloqui

712 1650 830 1713 pro
862 1649 1160 1698 successu
1191 1649 1404 1697 rerum
1429 1629 1933 1698 Christianorum
1966 1633 2033 1695 et
2060 1629 2466 1696 Teucrorum.
2528 1628 2694 1694 Nam
2727 1627 3063 1694 videbatur

715 1733 903 1799 nobis
933 1733 1278 1800 iustissime
1319 1753 1438 1800 nos
1473 1732 1810 1799 condolere
1838 1751 2031 1815 posse
2060 1752 2198 1798 cum
2230 1732 2417 1798 sicuti
2447 1731 2719 1810 laudem,
2763 1735 3063 1812 respectu

719 1834 934 1900 damni
973 1841 1340 1902 nostrorum
1384 1835 1613 1900 civium
1660 1839 1727 1900 et
1769 1834 2167 1901 subditorum
2210 1832 2383 1899 ultra
2414 1831 2873 1915 experientiam
2911 1851 3059 1914 pas-

717 1956 857 2004 sam
901 1942 966 2004 et
1009 1939 1360 2020 periculum
1389 1943 1754 2003 nostrorum
1783 1937 2069 2004 locorum
2114 1941 2449 2018 reportare
2493 1935 2926 2017 sperabamus,
2971 1936 3065 2001 ita

603 2127 610 2136 ι
715 2039 1038 2106 infamiam
1084 2046 1354 2123 propter
1386 2058 1634 2106 omnem
1664 2039 1981 2106 iusticiam
2014 2044 2079 2105 et
2108 2039 2457 2121 equitatem
2487 2036 2907 2121 patiebamur.
2960 2037 3062 2102 Ex

713 2148 942 2227 postea
988 2162 1138 2209 vero
1182 2144 1408 2209 literas
1452 2147 1699 2209 vestras
1748 2144 2107 2224 accepimus
2137 2142 2323 2208 datas
2352 2141 2576 2207 ultimo
2607 2139 2889 2206 Ianuarii
2920 2139 3061 2222 qui-

712 2245 832 2312 bus
877 2245 1058 2312 nobis
1105 2245 1486 2312 declarastis
1529 2244 1702 2311 facta
1737 2263 1856 2327 per
1899 2263 2014 2310 vos
2058 2245 2384 2322 instantia,
2445 2248 2517 2308 ut
2565 2261 2686 2325 per
2732 2241 3059 2307 Summum

713 2346 1088 2413 Pontificem
1153 2347 1233 2414 de
1293 2347 1579 2429 pecuniis
1645 2345 2093 2429 provideretur
2160 2352 2293 2411 tam
2354 2363 2472 2428 pro
2526 2343 2821 2410 refusura
2882 2343 3065 2426 galee

711 2469 952 2529 maure,
1017 2468 1139 2532 que
1197 2449 1584 2516 necessitate
1651 2454 1875 2515 coacta
1916 2449 1982 2514 in
2025 2450 2297 2530 patriam
2342 2448 2647 2527 redierat,
2709 2465 2901 2528 quam
2942 2465 3059 2530 pro

714 2551 1132 2619 subventione
1161 2553 1571 2634 reliquarum.
1635 2551 1766 2618 Sua
1796 2551 2141 2618 Beatitudo
2188 2551 2443 2617 dixerat
2488 2549 2655 2616 nolle
2698 2548 3061 2633 providere,

714 2656 835 2723 nisi
899 2656 1076 2738 prius
1123 2656 1354 2721 clarius
1416 2674 1629 2721 rerum
1696 2672 2059 2721 successum
2102 2654 2509 2736 intelligeret,
2570 2658 2637 2719 et
2684 2652 3063 2735 subiungitis

717 2758 1134 2823 Sanctitatem
1185 2757 1379 2823 Suam
1437 2758 1714 2823 sensisse
1775 2756 2027 2823 defectu
2090 2758 2417 2841 galearum
2470 2760 2833 2821 nostrarum
2878 2773 3060 2821 secu-

715 2864 852 2925 tum
895 2860 1131 2925 malum
1175 2860 1553 2941 procesisse‚
1602 2877 1742 2925 cum
1797 2859 1854 2925 ei
1898 2858 2169 2924 relatum
2224 2857 2435 2937 fuerit,
2502 2858 2903 2939 capitaneum
2943 2875 3062 2938 pro

715 2962 1096 3029 victualibus
1140 2962 1322 3027 XXV
1354 2960 1578 3028 diebus
1623 2962 1882 3027 stetisse
1927 2962 2095 3027 inter
2138 2960 2461 3026 Tenedum
2507 2964 2573 3025 et
2616 2958 3063 3025 Constantino-

713 3065 928 3147 polim,
987 3064 1218 3147 quibus
1261 3064 1602 3130 intellectis
1639 3063 1828 3145 longe
1881 3064 2189 3129 maiorem
2256 3061 2723 3143 displicentiam
2771 3064 2837 3125 et
2885 3059 3063 3126 dolo-

715 3186 850 3233 rem
905 3168 1238 3247 sensimus,
1306 3185 1498 3248 quam
1565 3185 1682 3248 per
1751 3170 1945 3231 antea
2014 3164 2509 3246 scripsissemus,
2596 3162 2763 3228 Nam
2818 3164 3067 3228 cumin

715 3275 927 3337 mente
974 3273 1201 3335 nostra
1261 3270 1647 3336 revolvimus
1693 3275 1939 3352 quanta
1994 3288 2111 3351 pro
2176 3267 2523 3334 christiana
2566 3266 2897 3349 religione,
2949 3266 3072 3333 hec

715 3378 938 3438 nostra
996 3371 1359 3454 respublica
1420 3374 1715 3438 continue
1757 3371 1915 3437 fecit
1958 3372 2384 3453 quotiensque
2426 3374 2683 3449 statum,
2738 3368 3066 3452 proprias-

719 3492 842 3556 que
905 3475 1136 3542 civium
1201 3478 1566 3541 nostrorum
1633 3472 1971 3540 facultates
2034 3477 2100 3540 et
2154 3490 2463 3556 personas
2530 3470 2937 3553 exposuimus
2993 3489 3070 3537 ac

719 3582 964 3658 quanta
1011 3596 1150 3643 cum
1196 3578 1568 3644 sinceritate
1611 3594 2148 3659 processeramus,
2210 3574 2497 3658 profecto
2552 3572 2916 3639 firmissima
2955 3592 3069 3639 no-

717 3679 818 3745 bis
863 3698 1010 3761 spes
1056 3685 1218 3759 erat,
1284 3680 1518 3746 nedum
1577 3682 1890 3746 neminem
1934 3698 2127 3763 posse
2171 3679 2251 3745 de
2294 3677 2479 3744 nobis
2524 3676 2627 3743 vel
2674 3676 2913 3742 nostris
2960 3676 3069 3759 qui

719 3781 1014 3847 continue
1079 3779 1445 3848 fidelissime
1505 3800 1576 3849 se
1632 3787 2073 3861 exercuerunt,
2142 3780 2381 3847 habere
2444 3780 2887 3863 suspicionem,
2952 3778 3070 3845 sed

719 3883 932 3965 etiam,
1003 3902 1130 3950 non
1179 3884 1386 3951 minus
1430 3904 1620 3967 quam
1668 3890 1840 3951 recte
1885 3884 2077 3966 loqui,
2146 3884 2269 3950 nisi
2317 3884 2567 3950 oculate
2634 3883 2961 3949 videretur
3006 3887 3072 3949 et

717 3986 1092 4069 palparetur
1126 3989 1507 4071 oppositum.
1569 3988 1658 4055 Et
1687 3991 1865 4054 tanto
1908 3987 2133 4053 maiori
2178 3987 2245 4052 in
2280 3986 2402 4051 hoc
2443 3984 2791 4051 afficiemur
2829 3983 3070 4064 dolore,

722 4093 960 4170 quanto
993 4090 1278 4157 videmus
1324 4091 1498 4157 ultra
1543 4090 1971 4174 experientias
2016 4088 2489 4172 preteritorum,
2538 4086 2731 4153 etiam
2760 4105 2925 4154 nunc
2954 4106 3069 4152 no-

719 4197 891 4259 stros
937 4211 1118 4258 suum
1169 4193 1453 4260 debitum
1493 4194 1779 4277 plenarie
1843 4193 2087 4260 fecisse.
2173 4190 2295 4258 Est
2340 4191 2575 4273 quippe
2640 4190 3064 4257 certissimum

720 4300 977 4362 nostros
1026 4297 1195 4361 cives
1246 4301 1311 4362 et
1357 4298 1670 4379 subditos,
1738 4298 1847 4380 qui
1916 4314 2109 4379 super
2168 4294 2369 4378 galeis
2434 4293 2559 4359 illis
2606 4298 2806 4373 erant,
2876 4293 3071 4359 tantis

723 4418 864 4467 cum
905 4398 1255 4467 incomodis
1322 4398 1386 4467 in
1434 4399 1542 4468 illo
1589 4400 1815 4468 sti-ictu
1881 4398 2159 4478 stetisse,
2228 4401 2463 4480 quanto
2521 4412 2800 4477 unquam
2858 4394 3070 4478 alique

2662 4512 2781 4573 10*
