3793 5187
1749 437 2017 539 ——106

792 665 914 732 que
956 646 1096 713 loca
1140 643 1465 727 scribatur,
1534 649 1834 727 quantum
1877 665 2034 729 opus
2075 646 2280 728 fuerit,
2336 653 2401 714 et
2459 647 2763 730 premissa
2804 649 3115 719 addantur

794 751 860 816 in
905 749 1334 816 commissione
1379 747 1721 830 Capitaneo
1750 748 2130 831 prefatarmn
2159 750 2477 833 galearum
2506 749 2742 816 Summi
2772 751 3109 822 Pontificis.

1091 850 1192 915 De
1233 854 1416 932 parte
1551 852 1651 915 97.

1091 953 1190 1017 De
1232 972 1358 1018 non
1553 955 1653 1018 12.

1093 1055 1236 1120 Non
1281 1055 1507 1121 sinceri
1593 1057 1651 1120 2.

1091 1172 1356 1243 (Ambivio
1391 1172 1450 1227 di
1483 1172 1636 1228 Staio
1671 1174 1724 1228 in
1760 1171 2001 1238 Venezia,

793 1259 1232 1318 Deliberazioni
1268 1259 1486 1316 Senato
1525 1259 1764 1326 Secreti,
1807 1271 1950 1331 reg⁰
1992 1259 2059 1314 16
2094 1275 2141 1315 e.
2178 1259 2317 1324 101.)

1772 1499 2143 1574 XLVIII.

1500 1628 1933 1699 mcccexum.
1978 1628 2074 1696 die
2116 1628 2222 1696 ΙΙΙΙ.
2266 1628 2404 1696 iulii.

990 1790 1539 1857 Reverendissimo
1601 1790 1852 1855 domino
1914 1789 2231 1855 Cardinali
2300 1787 2515 1855 Sancti
2576 1792 2799 1873 Angeli
2868 1793 3113 1876 Legato

788 1893 1172 1975 Aposmhco‘
1551 1958 2101 2026 Reverendissime
2145 1964 2347 2040 pater.

989 2079 1090 2146 Ad
1131 2079 1608 2145 humanissimas
1658 2079 1911 2146 litteras
1958 2081 2191 2146 Vestre
2234 2076 2779 2146 Reverendissime
2824 2081 3115 2149 Paterni-

787 2183 938 2248 tatis
976 2182 1159 2248 datas
1207 2181 1263 2246 V
1302 2181 1465 2247 Iunii
1509 2182 1846 2248 novissime
1889 2182 2052 2264 lapsi
2096 2182 2533 2262 respondimus
2572 2181 2713 2247 aliis
2756 2182 2959 2250 literis
3002 2203 3114 2251 no-

789 2284 940 2350 stris
986 2289 1292 2365 quantum
1339 2284 1418 2349 ad
1459 2303 1584 2350 non
1629 2285 1801 2349 nulla
1844 2286 1907 2349 in
1952 2285 2043 2350 eis
2090 2289 2387 2349 contenta
2436 2287 2777 2365 opportere
2824 2287 3117 2368 cognovi-

789 2405 928 2452 mus
978 2403 1134 2468 quas
1167 2392 1379 2452 tamen
1407 2387 1746 2470 replicatas
1776 2387 2084 2453 mittimus
2115 2384 2212 2451 his
2244 2385 2571 2452 adiunctas
2607 2385 2874 2453 diximus
2905 2395 3115 2454 tamen

789 2488 961 2570 quod
1003 2489 1084 2554 ad
1131 2489 1399 2570 quedam
1443 2507 1565 2570 que
1608 2488 1788 2555 nobis
1831 2490 2178 2571 importare
2220 2487 2598 2553 videbantur
2642 2507 2757 2570 per
2802 2489 2959 2556 alias
3002 2509 3114 2557 no-

793 2597 960 2657 stras
990 2590 1532 2673 responderemus.
1577 2590 1822 2658 Deinde
1852 2590 2043 2657 etiam
2072 2590 2228 2657 alias
2257 2591 2476 2656 literas
2507 2609 2546 2656 a
2570 2590 3118 2659 Reverendissima

789 2696 1214 2762 dominatione
1271 2700 1486 2761 vestra
1552 2695 1941 2777 suscepimus
2001 2694 2126 2759 diei
2171 2692 2287 2757 XV
2330 2692 2562 2758 mensis
2608 2692 2901 2759 eiusdem.
2990 2694 3117 2761 Per

788 2796 902 2862 has
951 2796 1259 2879 siquidem
1307 2797 1671 2863 nunciamus
1703 2804 1915 2863 vestre
1954 2796 2499 2862 Reverendissime
2528 2795 2912 2864 Paternitati
2942 2798 3111 2880 quod

792 2906 940 2982 post
971 2918 1185 2965 earum
1211 2899 1566 2965 litterarum
1596 2906 1953 2965 nostrarum
1990 2898 2453 2981 expeditionem
2479 2897 2774 2965 videlicet
2802 2900 2903 2965 die
2932 2899 3117 2965 XXII

787 3001 984 3084 ipsius
1029 3002 1260 3067 mensis
1304 3000 1468 3066 Iunii
1505 3000 1915 3068 Reverendus
1962 3000 2249 3067 dominus
2282 3000 2635 3067 Cardinalis
2666 3001 3114 3068 vicecancella-

787 3106 918 3169 rius
975 3104 1244 3187 legatuS‚
1306 3105 1371 3170 in
1427 3105 1676 3169 nomine
1719 3104 1932 3171 Yhesu
1981 3103 2215 3169 Christi
2284 3123 2421 3168 cum
2490 3104 2712 3169 ultima
2773 3104 2957 3185 galea
2999 3122 3115 3169 sua

787 3205 998 3271 itineri
1041 3224 1111 3271 se
1158 3206 1466 3272 commisit
1507 3212 1580 3271 ut
1625 3206 1808 3271 simul
1857 3224 1997 3271 cum
2029 3205 2168 3271 aliis
2200 3211 2443 3287 septem
2476 3204 2675 3289 galeis
2706 3206 2953 3272 nomine
2985 3204 3113 3272 Ro-

789 3306 956 3373 mani
1000 3306 1326 3373 Pontificis
1369 3308 1471 3373 hic
1516 3310 1776 3373 armatis
1818 3328 1893 3373 ac
1938 3327 2075 3373 cum
2132 3312 2274 3372 octo
2330 3308 2468 3373 aliis
2527 3307 2761 3374 nostris
2809 3308 3007 3391 galeis
3051 3312 3118 3373 et

787 3408 970 3475 fustis
1016 3428 1139 3491 que
1185 3415 1332 3475 sunt
1373 3410 1435 3475 in
1477 3411 1636 3475 mari
1678 3411 1744 3476 in
1788 3410 2077 3476 strictum
2122 3410 2213 3475 ire
2258 3409 2551 3475 solicitet.
2621 3410 2718 3475 Ad
2765 3412 3115 3492 expeditio-

789 3530 928 3577 nem
975 3531 1124 3577 vero
1168 3512 1315 3578 hinc
1361 3519 1633 3594 quatuor
1675 3514 1997 3595 galearum
2046 3518 2475 3578 mutuatarum
2522 3530 2637 3594 per
2664 3530 2781 3577 nos
2810 3511 3115 3579 Illustris-

787 3614 945 3679 simo
994 3614 1244 3679 domino
1291 3614 1434 3680 duci
1477 3615 1839 3697 Burgondie
1896 3615 2097 3681 omnis
2159 3613 2415 3679 assidua
2458 3614 2787 3697 diligentia
2832 3614 3118 3681 adhibita

791 3723 907 3798 est,
954 3716 1057 3783 Ita
1093 3722 1165 3782 ut
1205 3714 1370 3781 infra
1413 3718 1568 3783 duos
1630 3717 1730 3782 vel
1789 3723 1921 3782 tres
1979 3717 2113 3782 dies
2159 3716 2241 3781 ad
2282 3717 2531 3799 longius
2579 3734 2797 3782 omnes
2841 3716 2979 3799 ipse
3021 3717 3114 3783 in-

788 3818 1135 3885 fallibiliter
1196 3818 1408 3884 itineri
1473 3826 1658 3884 erunt
1705 3820 2011 3900 exposite.
2100 3818 2472 3885 Distulimus
2535 3825 2747 3885 autem
2790 3820 3115 3901 aliquanto

789 3920 940 3987 dare
984 3940 1354 4003 responsum
1397 3921 1482 3988 ad
1525 3922 1696 4002 ipsas
1738 3920 1989 3986 litteras
2024 3920 2251 3986 Vestre
2294 3920 2841 3987 Reverendissime
2890 3922 3116 3988 Pater-

788 4023 1002 4089 nitatis
1048 4023 1214 4089 circa
1259 4040 1398 4089 eam
1437 4028 1702 4104 partem,
1748 4023 1854 4087 ubi
1903 4024 2114 4105 agitur
2150 4024 2383 4088 ment-io
2432 4024 2509 4089 de
2538 4024 2858 4090 mittendis
2892 4024 3114 4105 aliqui-

785 4124 904 4191 bus
963 4126 1163 4207 galeis
1228 4144 1344 4208 per
1409 4124 1638 4191 flumen
1705 4125 1980 4191 Danubii
2044 4144 2160 4207 pro
2226 4126 2547 4192 reddendo
2612 4126 2813 4209 magis
2869 4124 3115 4192 facilem

786 4227 1121 4293 transitum
1153 4228 1469 4293 exercitus
1504 4226 1987 4292 christianorum
2017 4228 2187 4293 ultra
2214 4226 2445 4293 flumen
2487 4228 2693 4311 ipsum
2725 4246 2866 4294 cum
2897 4227 3114 4294 existi·

786 4332 1163 4396 mavei-imus
1191 4350 1314 4394 non
1347 4348 1483 4394 esse
1517 4329 1737 4393 inutile
1769 4334 2015 4395 attenta
2042 4330 2299 4396 huiusce
2343 4332 2437 4396 rei
2471 4330 2895 4413 importantia,
2942 4332 3003 4396 in
3038 4348 3115 4397 ea
