3793 5187
1736 478 1821 579 ‘97

824 716 1001 797 Quod
1040 720 1113 781 ut
1154 718 1345 799 novit,
1390 718 1470 785 ob
1518 719 1633 786 Dei
1677 720 2106 800 reverentiam,
2153 722 2217 785 et
2259 724 2556 801 tanquam
2584 716 2732 784 boni
2760 718 2942 783 devo-

626 818 973 901 tissimique
1016 819 1129 885 filii
1170 819 1407 887 Summi
1450 820 1789 903 Pontificis,
1847 829 1914 887 et
1955 827 2280 906 sequentes
2323 822 2584 904 vestigia
2625 820 2942 904 predeces-

628 938 837 985 sorum
880 927 1251 1002 nostrorum,
1298 922 1403 1006 qui
1449 943 1565 1006 pro
1612 924 1733 990 fide
1780 923 2013 991 Christi
2047 923 2371 1006 indefesse,
2416 924 2707 991 continue
2735 920 2943 988 elabo-

621 1029 858 1105 rarunt,
905 1024 1079 1090 nullo
1124 1022 1340 1092 habito
1374 1033 1660 1111 respectu
1702 1028 1782 1093 ad
1825 1027 2110 1111 proprias
2166 1045 2488 1109 expensas,
2548 1025 2648 1092 vel
2689 1022 2941 1107 aliquod

622 1126 1011 1193 incomodum
1072 1127 1375 1209 locorum,
1436 1134 1502 1195 et
1562 1128 1834 1195 fidelium
1893 1132 2266 1211 nostrorum,
2333 1130 2416 1196 ad
2473 1120 2940 1211 requisitionem

624 1229 819 1312 ipsius
864 1228 1100 1295 Summi
1138 1229 1457 1297 Pontificis
1499 1231 1727 1298 fuimus
1770 1233 2044 1298 contenti
2086 1233 2236 1299 dare
2274 1231 2390 1298 has
2430 1231 2642 1315 galeas
2681 1235 2753 1296 et
2779 1229 2943 1313 quod

621 1336 1015 1398 armarentur
1058 1335 1124 1398 et
1162 1332 1561 1399 mitterentur
1603 1352 1717 1417 pro
1763 1332 1973 1400 favore
2020 1333 2500 1400 christianorum
2545 1338 2764 1401 contra
2805 1337 2941 1398 teu-

623 1452 760 1501 cros
790 1440 1005 1501 sancte
1035 1436 1234 1501 crucis
1262 1435 1561 1517 inimicos,
1606 1456 1679 1503 ac
1721 1437 1887 1519 quod
1929 1441 2002 1503 ut
2038 1442 2446 1517 armarentur,
2495 1436 2735 1502 decima
2777 1434 2942 1501 clero

616 1543 832 1603 nostro
896 1538 1325 1621 imponeretur
1370 1543 1435 1605 et
1471 1540 1837 1623 exigeretur,
1900 1538 2412 1623 Scripsimusque,
2476 1543 2542 1606 et
2598 1538 2942 1605 successive

622 1640 902 1705 misimus
945 1641 1349 1707 secretarium
1384 1645 1665 1707 nostrum
1709 1644 1789 1708 ad
1830 1640 2300 1709 Serenissimum
2346 1641 2663 1708 dominum
2705 1640 2939 1724 Regem

616 1740 887 1823 Polonie,
950 1747 1017 1809 et
1074 1742 1232 1810 alios
1289 1742 1597 1827 principes
1645 1743 1891 1810 illarum
1935 1746 2206 1828 partium
2257 1742 2647 1840 notificantes
2691 1740 2780 1808 eis
2821 1741 2941 1809 hoc

617 1844 936 1927 galearum
978 1848 1452 1926 armamentum,
1498 1850 1564 1911 et
1607 1843 1934 1914 hortantes
1973 1865 2047 1912 ac
2091 1846 2424 1913 suadentes
2465 1837 2544 1912 a‘d
2581 1849 2938 1912 restauran-

618 1946 765 2012 dum
815 1948 1153 2014 exercitum
1197 1951 1265 2013 et
1306 1948 1697 2030 magnanime
1739 1948 2211 2032 procedendum,
2265 1968 2378 2031 pro
2425 1952 2758 2033 augmento
2799 1947 2942 2014 fidei

619 2048 939 2117 Catholice
1000 2055 1221 2116 contra
1281 2054 1525 2116 teucros
1588 2052 1956 2133 antedictos,
2019 2052 2107 2117 Et
2149 2052 2281 2117 viso
2336 2050 2606 2134 qualiter
2664 2049 2944 2135 procedit

620 2150 737 2217 hoc
787 2151 1019 2219 factum
1061 2150 1400 2234 galearum,
1458 2158 1811 2220 reverenter
1870 2154 2046 2219 iuxta
2107 2154 2612 2219 consuetudinem
2663 2157 2942 2220 nostram

622 2253 965 2337 loquentes,
1010 2273 1137 2321 non
1178 2273 1398 2339 parum
1440 2272 1790 2339 gravamen,
1836 2260 1902 2321 et
1942 2256 2221 2323 dolemus
2249 2257 2328 2322 de
2355 2254 2607 2321 Summo
2646 2254 2944 2321 Pontifice

618 2358 954 2439 antedicto,
1020 2358 1184 2423 Nam
1240 2358 1519 2424 videmus
1578 2356 1990 2425 sanctitatem
2054 2376 2230 2424 suam
2295 2376 2420 2425 non
2479 2358 2802 2424 attendere
2862 2358 2942 2425 ad

618 2476 833 2525 earum
880 2460 1354 2545 expeditionem,
1418 2460 1543 2526 imo
1600 2460 1665 2526 in
1724 2461 1994 2527 denariis
2051 2460 2303 2541 decime,
2360 2459 2440 2528 ob
2481 2459 2643 2527 hanc
2690 2478 2942 2526 causam

619 2561 926 2646 imposite,
994 2580 1215 2630 manus
1268 2562 1569 2646 posuisse,
1616 2567 1680 2630 et
1724 2563 1789 2629 in
1831 2562 2120 2647 gentibus
2161 2562 2498 2647 armigeriS,
2556 2568 2622 2631 et
2663 2562 2804 2630 aliis
2846 2580 2943 2630 re-

618 2663 757 2748 bus,
803 2686 879 2733 ex
923 2669 1012 2735 eis
1055 2666 1462 2750 dispensasse,
1508 2684 1631 2731 non
1680 2665 1813 2731 sine
1848 2667 2255 2733 diminutione
2292 2665 2544 2732 honoris
2575 2663 2942 2732 Sanctitatis

618 2766 757 2850 Sue,
804 2775 871 2838 et
914 2773 1150 2850 nostro,
1196 2787 1270 2836 ac
1311 2769 1584 2852 periculo
1633 2770 2132 2836 christianorum.
2222 2770 2308 2836 Et
2351 2789 2425 2836 eo
2468 2769 2733 2835 maxime
2774 2769 2944 2835 dole-

618 2887 781 2952 mus,
826 2871 975 2954 quia
1016 2871 1137 2938 nisi
1183 2872 1527 2938 solicitetur
1556 2891 1839 2939 accessus
1868 2873 2184 2956 galearum
2215 2872 2796 2955 suprascriptarum,
2841 2889 2943 2937 co-

548 3041 570 3060 ,
617 2977 969 3056 gnoscimus
1010 2973 1287 3058 prefatos
1335 2973 1807 3042 Serenissimum
1848 2975 2163 3041 dominum
2193 2975 2442 3057 Regem,
2489 2978 2557 3040 et
2593 2973 2749 3040 alios
2777 2973 2944 3057 prin-

620 3074 807 3159 cipes,
857 3085 924 3142 et
964 3076 1255 3146 ductores
1297 3078 1606 3144 exercitus
1648 3077 1988 3157 christiani,
2041 3077 2120 3143 de
2160 3076 2338 3144 nobis
2381 3073 2448 3144 se
2487 3094 2668 3160 posse
2712 3077 2939 3156 dolere,

621 3195 767 3244 nam
806 3177 889 3245 ob
931 3179 1368 3261 promissiones
1426 3183 1673 3244 nostras
1735 3179 1813 3246 de
1869 3178 2067 3262 galeis
2125 3178 2436 3261 predictis,
2485 3185 2551 3245 et
2591 3178 2944 3244 hortamina

624 3285 861 3362 nostra,
907 3279 1089 3364 longe
1130 3281 1315 3347 citius
1358 3287 1425 3346 et
1463 3281 1819 3362 ferventius,
1862 3298 2074 3346 omnes
2116 3281 2354 3346 inducti
2395 3285 2544 3346 sunt
2585 3281 2665 3347 ad
2703 3283 2944 3348 restau-

616 3381 923 3450 rationem
979 3383 1289 3449 exercitus
1346 3383 1753 3466 suprascripti
1810 3401 1997 3466 quam
2055 3382 2363 3465 fecissent,
2421 3389 2488 3450 et
2527 3382 2691 3449 forte
2732 3383 2798 3448 in
2841 3400 2942 3448 ca-

622 3485 769 3552 stris
816 3503 943 3552 non
995 3485 1346 3567 exivissent,
1404 3485 1522 3552 nisi
1580 3485 1843 3550 fuissent
1876 3491 2094 3551 nostra
2140 3485 2512 3566 hortamina,
2568 3489 2633 3551 et
2682 3485 2942 3568 promis·

624 3585 827 3653 sioncs
883 3587 1177 3670 predicte,
1245 3586 1335 3652 Et
1388 3587 1533 3654 licet
1589 3587 1775 3668 licite,
1840 3587 2015 3653 nulla.
2069 3587 2195 3652 alia
2251 3587 2418 3654 facta
2481 3587 2784 3653 instantia
2842 3585 2942 3653 vel

623 3687 1043 3770 requisitione,
1088 3690 1143 3755 si
1186 3688 1473 3755 Summus
1508 3689 1796 3754 Pontifex
1836 3707 1963 3757 non
2007 3689 2353 3772 caripendit
2394 3690 2692 3757 honorem
2739 3708 2938 3770 suum,

625 3788 992 3857 deberemus
1032 3807 1145 3874 pro
1186 3790 1423 3859 honore
1464 3797 1696 3873 nostro,
1752 3799 1817 3858 et
1862 3794 2116 3861 comodo
2176 3791 2653 3858 christianorum
2695 3795 2940 3857 attento

624 3891 911 3974 maxime,
954 3893 1121 3976 quod
1164 3893 1329 3960 dicte
1365 3893 1541 3977 galee
1584 3893 1815 3960 nostris
1854 3894 2138 3976 expensis
2167 3900 2384 3976 parate
2413 3893 2682 3974 fuerunt,
2727 3897 2794 3959 et
2820 3892 2942 3958 dici

622 4000 849 4078 potest,
896 3995 1076 4078 quasi
1118 4013 1225 4061 eas
1266 4013 1403 4062 esse
1442 3999 1720 4062 armatas
1760 3997 1839 4061 de
1879 3996 2159 4078 pecuniis
2196 3997 2342 4063 cleri
2373 3996 2594 4077 nostri,
2637 3998 2942 4078 deponere

626 4095 955 4164 banderias
996 4097 1234 4164 Summi
1275 4097 1614 4178 Pontificis‚
1669 4103 1735 4164 et
1775 4117 1914 4164 cum
1958 4099 2208 4180 hostria,
2267 4099 2467 4165 dictas
2509 4098 2796 4180 expedire
2832 4116 2940 4180 ga-

623 4197 771 4280 leas,
817 4204 883 4265 et
923 4199 1175 4266 mittere
1218 4203 1436 4265 contra
1470 4198 1755 4279 Teucros,
1812 4203 2023 4266 tamen
2065 4198 2145 4265 ob
2186 4199 2609 4280 reverentiam,
2653 4205 2720 4265 et
2760 4197 2940 4264 affec-

627 4301 858 4368 tionem
897 4307 1180 4368 nostram
1220 4302 1301 4368 ad
1340 4299 1803 4367 Beatitudinem
1839 4300 2028 4368 Suam
2062 4300 2534 4368 deliberavimus
2561 4301 2792 4383 alloqui
2821 4300 2940 4366 Re-

620 4401 1125 4471 verendissimam
1160 4402 1611 4471 Paternitatem
1657 4422 1853 4486 suam,
1901 4421 2159 4487 eamque
2187 4421 2462 4486 exorare,
2505 4408 2572 4470 et
2606 4404 2938 4486 requirere,
