<?xml version="1.0" encoding="UTF-8"?>
<!DOCTYPE html PUBLIC "-//W3C//DTD XHTML 1.0 Transitional//EN"
    "http://www.w3.org/TR/xhtml1/DTD/xhtml1-transitional.dtd">
<html xmlns="http://www.w3.org/1999/xhtml" xml:lang="en" lang="en">
 <head>
  <title>
</title>
<meta http-equiv="Content-Type" content="text/html;charset=utf-8" />
  <meta name='ocr-system' content='tesseract 3.04.00' />
  <meta name='ocr-capabilities' content='ocr_page ocr_carea ocr_par ocr_line ocrx_word'/>
</head>
<body>
  <div class='ocr_page' id='page_1' title='image "./fontesrerumpolo00unkngoog_0170.png"; bbox 0 0 3793 5187; ppageno 0'>
   <div class='ocr_carea' id='block_1_1' title="bbox 1742 595 1861 657">
    <p class='ocr_par' dir='ltr' id='par_1_1' title="bbox 1742 595 1861 657">
     <span class='ocr_line' id='line_1_1' title="bbox 1742 595 1861 657; baseline 0.008 -1"><span class='ocrx_word' id='word_1_1' title='bbox 1742 595 1861 657; x_wconf 83' lang='lat'>173</span> 
     </span>
    </p>
   </div>
   <div class='ocr_carea' id='block_1_2' title="bbox 1584 678 1994 693">
    <p class='ocr_par' dir='ltr' id='par_1_2' title="bbox 1584 678 1994 693">
     <span class='ocr_line' id='line_1_2' title="bbox 1584 678 1994 693; baseline 0 0"><span class='ocrx_word' id='word_1_2' title='bbox 1584 678 1994 693; x_wconf 95' lang='lat' dir='ltr'> </span> 
     </span>
    </p>
   </div>
   <div class='ocr_carea' id='block_1_3' title="bbox 598 793 2962 3143">
    <p class='ocr_par' dir='ltr' id='par_1_3' title="bbox 602 793 2962 2098">
     <span class='ocr_line' id='line_1_3' title="bbox 612 793 2962 879; baseline 0.005 -20"><span class='ocrx_word' id='word_1_3' title='bbox 612 793 1007 860; x_wconf 85' lang='lat' dir='ltr'>Sublimitati</span> <span class='ocrx_word' id='word_1_4' title='bbox 1047 813 1271 861; x_wconf 88' lang='lat' dir='ltr'>nocere</span> <span class='ocrx_word' id='word_1_5' title='bbox 1313 797 1534 879; x_wconf 85' lang='lat' dir='ltr'><strong>possit.</strong></span> <span class='ocrx_word' id='word_1_6' title='bbox 1579 799 1673 864; x_wconf 87' lang='lat' dir='ltr'>Tu</span> <span class='ocrx_word' id='word_1_7' title='bbox 1716 798 1879 865; x_wconf 86' lang='lat' dir='ltr'>hanc</span> <span class='ocrx_word' id='word_1_8' title='bbox 1928 817 2180 866; x_wconf 91' lang='lat' dir='ltr'>omnem</span> <span class='ocrx_word' id='word_1_9' title='bbox 2224 806 2506 867; x_wconf 82' lang='lat' dir='ltr'>nostram</span> <span class='ocrx_word' id='word_1_10' title='bbox 2548 802 2962 870; x_wconf 85' lang='lat' dir='ltr'>intentionem</span> 
     </span>
     <span class='ocr_line' id='line_1_4' title="bbox 611 898 2962 987; baseline 0.003 -22"><span class='ocrx_word' id='word_1_11' title='bbox 611 905 679 965; x_wconf 89' lang='lat' dir='ltr'>et</span> <span class='ocrx_word' id='word_1_12' title='bbox 719 905 997 966; x_wconf 84' lang='lat' dir='ltr'><strong>mentem</strong></span> <span class='ocrx_word' id='word_1_13' title='bbox 1040 900 1208 981; x_wconf 84' lang='lat' dir='ltr'><strong>regie</strong></span> <span class='ocrx_word' id='word_1_14' title='bbox 1249 898 1575 966; x_wconf 87' lang='lat' dir='ltr'>Maiestati</span> <span class='ocrx_word' id='word_1_15' title='bbox 1632 901 1952 969; x_wconf 87' lang='lat' dir='ltr'>declarato</span> <span class='ocrx_word' id='word_1_16' title='bbox 2012 920 2201 985; x_wconf 90' lang='lat' dir='ltr'>quam</span> <span class='ocrx_word' id='word_1_17' title='bbox 2267 904 2577 987; x_wconf 81' lang='lat' dir='ltr'>intelliges</span> <span class='ocrx_word' id='word_1_18' title='bbox 2638 922 2714 969; x_wconf 83' lang='lat' dir='ltr'>ex</span> <span class='ocrx_word' id='word_1_19' title='bbox 2754 904 2962 972; x_wconf 89' lang='lat' dir='ltr'>forma</span> 
     </span>
     <span class='ocr_line' id='line_1_5' title="bbox 608 1003 2960 1090; baseline 0.003 -23"><span class='ocrx_word' id='word_1_20' title='bbox 608 1003 875 1068; x_wconf 91' lang='lat' dir='ltr'>istorum</span> <span class='ocrx_word' id='word_1_21' title='bbox 920 1004 1355 1068; x_wconf 86' lang='lat' dir='ltr'>mandatorum</span> <span class='ocrx_word' id='word_1_22' title='bbox 1400 1009 1779 1086; x_wconf 87' lang='lat' dir='ltr'>nostrorum,</span> <span class='ocrx_word' id='word_1_23' title='bbox 1834 1010 1900 1071; x_wconf 91' lang='lat' dir='ltr'>et</span> <span class='ocrx_word' id='word_1_24' title='bbox 1959 1025 2038 1072; x_wconf 84' lang='lat' dir='ltr'>ex</span> <span class='ocrx_word' id='word_1_25' title='bbox 2093 1005 2298 1072; x_wconf 82' lang='lat' dir='ltr'>forma</span> <span class='ocrx_word' id='word_1_26' title='bbox 2356 1008 2546 1073; x_wconf 90' lang='lat' dir='ltr'>etiam</span> <span class='ocrx_word' id='word_1_27' title='bbox 2605 1010 2960 1090; x_wconf 87' lang='lat' dir='ltr'>responsio-</span> 
     </span>
     <span class='ocr_line' id='line_1_6' title="bbox 606 1105 2949 1178; baseline 0.004 -9"><span class='ocrx_word' id='word_1_28' title='bbox 606 1123 761 1170; x_wconf 88' lang='lat' dir='ltr'>num</span> <span class='ocrx_word' id='word_1_29' title='bbox 802 1105 1113 1172; x_wconf 84' lang='lat' dir='ltr'>factarum</span> <span class='ocrx_word' id='word_1_30' title='bbox 1153 1105 1513 1172; x_wconf 85' lang='lat' dir='ltr'>Calimacho</span> <span class='ocrx_word' id='word_1_31' title='bbox 1556 1109 1792 1174; x_wconf 88' lang='lat' dir='ltr'>oratori</span> <span class='ocrx_word' id='word_1_32' title='bbox 1850 1127 1998 1175; x_wconf 89' lang='lat' dir='ltr'>suo:</span> <span class='ocrx_word' id='word_1_33' title='bbox 2071 1108 2160 1174; x_wconf 88' lang='lat' dir='ltr'>Et</span> <span class='ocrx_word' id='word_1_34' title='bbox 2206 1115 2342 1176; x_wconf 87' lang='lat' dir='ltr'>esto</span> <span class='ocrx_word' id='word_1_35' title='bbox 2385 1111 2452 1175; x_wconf 88' lang='lat' dir='ltr'>in</span> <span class='ocrx_word' id='word_1_36' title='bbox 2496 1110 2820 1178; x_wconf 88' lang='lat' dir='ltr'>scribendo</span> <span class='ocrx_word' id='word_1_37' title='bbox 2867 1114 2949 1178; x_wconf 89' lang='lat' dir='ltr'>ad</span> 
     </span>
     <span class='ocr_line' id='line_1_7' title="bbox 606 1209 2959 1293; baseline 0.003 -20"><span class='ocrx_word' id='word_1_38' title='bbox 606 1226 729 1273; x_wconf 89' lang='lat' dir='ltr'>nos</span> <span class='ocrx_word' id='word_1_39' title='bbox 769 1209 1296 1291; x_wconf 78' lang='lat' dir='ltr'>diligentissimu8‚</span> <span class='ocrx_word' id='word_1_40' title='bbox 1344 1209 1643 1292; x_wconf 89' lang='lat' dir='ltr'>quoniam</span> <span class='ocrx_word' id='word_1_41' title='bbox 1685 1211 2023 1277; x_wconf 85' lang='lat' dir='ltr'>verisimile</span> <span class='ocrx_word' id='word_1_42' title='bbox 2084 1211 2266 1278; x_wconf 90' lang='lat' dir='ltr'>nobis</span> <span class='ocrx_word' id='word_1_43' title='bbox 2308 1212 2399 1293; x_wconf 90' lang='lat' dir='ltr'>fit,</span> <span class='ocrx_word' id='word_1_44' title='bbox 2457 1217 2529 1278; x_wconf 90' lang='lat' dir='ltr'>ut</span> <span class='ocrx_word' id='word_1_45' title='bbox 2571 1214 2653 1279; x_wconf 88' lang='lat' dir='ltr'>ad</span> <span class='ocrx_word' id='word_1_46' title='bbox 2695 1215 2959 1280; x_wconf 88' lang='lat' dir='ltr'>istorum</span> 
     </span>
     <span class='ocr_line' id='line_1_8' title="bbox 606 1311 2954 1398; baseline 0.003 -24"><span class='ocrx_word' id='word_1_47' title='bbox 606 1311 1031 1392; x_wconf 81' lang='lat' dir='ltr'>receptionem</span> <span class='ocrx_word' id='word_1_48' title='bbox 1072 1311 1542 1393; x_wconf 85' lang='lat' dir='ltr'>responsionem</span> <span class='ocrx_word' id='word_1_49' title='bbox 1598 1311 1681 1377; x_wconf 90' lang='lat' dir='ltr'>ab</span> <span class='ocrx_word' id='word_1_50' title='bbox 1722 1313 2118 1396; x_wconf 84' lang='lat' dir='ltr'>Imperatore</span> <span class='ocrx_word' id='word_1_51' title='bbox 2176 1315 2583 1382; x_wconf 84' lang='lat' dir='ltr'>Tartarorum</span> <span class='ocrx_word' id='word_1_52' title='bbox 2627 1318 2954 1398; x_wconf 84' lang='lat' dir='ltr'>receperis:</span> 
     </span>
     <span class='ocr_line' id='line_1_9' title="bbox 608 1413 2951 1501; baseline 0.002 -21"><span class='ocrx_word' id='word_1_53' title='bbox 608 1419 673 1480; x_wconf 89' lang='lat' dir='ltr'>et</span> <span class='ocrx_word' id='word_1_54' title='bbox 719 1413 835 1480; x_wconf 90' lang='lat' dir='ltr'>tibi</span> <span class='ocrx_word' id='word_1_55' title='bbox 874 1421 1027 1479; x_wconf 88' lang='lat' dir='ltr'>nota</span> <span class='ocrx_word' id='word_1_56' title='bbox 1065 1413 1193 1479; x_wconf 88' lang='lat' dir='ltr'>iam</span> <span class='ocrx_word' id='word_1_57' title='bbox 1236 1433 1373 1480; x_wconf 90' lang='lat' dir='ltr'>esse</span> <span class='ocrx_word' id='word_1_58' title='bbox 1414 1414 1659 1496; x_wconf 86' lang='lat' dir='ltr'>debeat,</span> <span class='ocrx_word' id='word_1_59' title='bbox 1706 1435 2097 1500; x_wconf 83' lang='lat' dir='ltr'>quecumque</span> <span class='ocrx_word' id='word_1_60' title='bbox 2141 1436 2286 1500; x_wconf 89' lang='lat' dir='ltr'>spes</span> <span class='ocrx_word' id='word_1_61' title='bbox 2332 1417 2550 1483; x_wconf 88' lang='lat' dir='ltr'>haberi</span> <span class='ocrx_word' id='word_1_62' title='bbox 2595 1419 2771 1484; x_wconf 90' lang='lat' dir='ltr'>illinc</span> <span class='ocrx_word' id='word_1_63' title='bbox 2807 1438 2951 1501; x_wconf 89' lang='lat' dir='ltr'>pos--</span> 
     </span>
     <span class='ocr_line' id='line_1_10' title="bbox 606 1516 2957 1604; baseline 0.002 -23"><span class='ocrx_word' id='word_1_64' title='bbox 606 1516 710 1597; x_wconf 87' lang='lat' dir='ltr'>sit,</span> <span class='ocrx_word' id='word_1_65' title='bbox 756 1523 821 1582; x_wconf 86' lang='lat' dir='ltr'>et</span> <span class='ocrx_word' id='word_1_66' title='bbox 863 1517 1121 1583; x_wconf 86' lang='lat' dir='ltr'>scribito</span> <span class='ocrx_word' id='word_1_67' title='bbox 1166 1519 1355 1584; x_wconf 88' lang='lat' dir='ltr'>etiam</span> <span class='ocrx_word' id='word_1_68' title='bbox 1400 1525 1465 1585; x_wconf 89' lang='lat' dir='ltr'>et</span> <span class='ocrx_word' id='word_1_69' title='bbox 1510 1519 1827 1586; x_wconf 87' lang='lat' dir='ltr'>declarato</span> <span class='ocrx_word' id='word_1_70' title='bbox 1886 1540 2010 1602; x_wconf 89' lang='lat' dir='ltr'>que</span> <span class='ocrx_word' id='word_1_71' title='bbox 2061 1539 2218 1603; x_wconf 86' lang='lat' dir='ltr'>gens</span> <span class='ocrx_word' id='word_1_72' title='bbox 2279 1525 2379 1586; x_wconf 89' lang='lat' dir='ltr'>est</span> <span class='ocrx_word' id='word_1_73' title='bbox 2439 1521 2552 1586; x_wconf 89' lang='lat' dir='ltr'>illa</span> <span class='ocrx_word' id='word_1_74' title='bbox 2598 1539 2722 1604; x_wconf 91' lang='lat' dir='ltr'>que</span> <span class='ocrx_word' id='word_1_75' title='bbox 2771 1521 2957 1586; x_wconf 88' lang='lat' dir='ltr'>confi·</span> 
     </span>
     <span class='ocr_line' id='line_1_11' title="bbox 605 1619 2957 1706; baseline 0.001 -20"><span class='ocrx_word' id='word_1_76' title='bbox 605 1621 729 1686; x_wconf 91' lang='lat' dir='ltr'>niis</span> <span class='ocrx_word' id='word_1_77' title='bbox 772 1621 1073 1703; x_wconf 88' lang='lat' dir='ltr'>Vayvode</span> <span class='ocrx_word' id='word_1_78' title='bbox 1116 1619 1356 1687; x_wconf 87' lang='lat' dir='ltr'>Stefani</span> <span class='ocrx_word' id='word_1_79' title='bbox 1391 1621 1563 1688; x_wconf 88' lang='lat' dir='ltr'>facta</span> <span class='ocrx_word' id='word_1_80' title='bbox 1606 1627 1707 1688; x_wconf 90' lang='lat' dir='ltr'>est</span> <span class='ocrx_word' id='word_1_81' title='bbox 1749 1624 2122 1706; x_wconf 87' lang='lat' dir='ltr'>propinqua,</span> <span class='ocrx_word' id='word_1_82' title='bbox 2184 1623 2292 1706; x_wconf 88' lang='lat' dir='ltr'>qui</span> <span class='ocrx_word' id='word_1_83' title='bbox 2336 1641 2649 1703; x_wconf 80' lang='lat' dir='ltr'>numeruS‚</span> <span class='ocrx_word' id='word_1_84' title='bbox 2696 1625 2806 1706; x_wconf 89' lang='lat' dir='ltr'>qui</span> <span class='ocrx_word' id='word_1_85' title='bbox 2847 1625 2957 1689; x_wconf 93' lang='lat' dir='ltr'>do-</span> 
     </span>
     <span class='ocr_line' id='line_1_12' title="bbox 604 1723 2956 1804; baseline 0.001 -17"><span class='ocrx_word' id='word_1_86' title='bbox 604 1723 831 1802; x_wconf 79' lang='lat' dir='ltr'>minuS‚</span> <span class='ocrx_word' id='word_1_87' title='bbox 870 1741 992 1804; x_wconf 86' lang='lat' dir='ltr'>que</span> <span class='ocrx_word' id='word_1_88' title='bbox 1033 1724 1301 1788; x_wconf 89' lang='lat' dir='ltr'>intentio</span> <span class='ocrx_word' id='word_1_89' title='bbox 1346 1728 1411 1788; x_wconf 90' lang='lat' dir='ltr'>et</span> <span class='ocrx_word' id='word_1_90' title='bbox 1452 1723 1744 1790; x_wconf 81' lang='lat' dir='ltr'>voluntas</span> <span class='ocrx_word' id='word_1_91' title='bbox 1806 1743 2062 1790; x_wconf 89' lang='lat' dir='ltr'>eorum:</span> <span class='ocrx_word' id='word_1_92' title='bbox 2131 1729 2197 1790; x_wconf 83' lang='lat' dir='ltr'>et</span> <span class='ocrx_word' id='word_1_93' title='bbox 2262 1728 2472 1790; x_wconf 86' lang='lat' dir='ltr'>cetera</span> <span class='ocrx_word' id='word_1_94' title='bbox 2515 1726 2726 1790; x_wconf 90' lang='lat' dir='ltr'>omnia</span> <span class='ocrx_word' id='word_1_95' title='bbox 2776 1725 2956 1790; x_wconf 90' lang='lat' dir='ltr'>nobis</span> 
     </span>
     <span class='ocr_line' id='line_1_13' title="bbox 606 1825 2956 1909; baseline 0.001 -19"><span class='ocrx_word' id='word_1_96' title='bbox 606 1826 849 1907; x_wconf 83' lang='lat' dir='ltr'>explica</span> <span class='ocrx_word' id='word_1_97' title='bbox 894 1843 1017 1906; x_wconf 85' lang='lat' dir='ltr'>que</span> <span class='ocrx_word' id='word_1_98' title='bbox 1058 1826 1248 1908; x_wconf 88' lang='lat' dir='ltr'>digna</span> <span class='ocrx_word' id='word_1_99' title='bbox 1290 1825 1419 1891; x_wconf 88' lang='lat' dir='ltr'>sint</span> <span class='ocrx_word' id='word_1_100' title='bbox 1458 1833 1679 1892; x_wconf 88' lang='lat' dir='ltr'>nostra</span> <span class='ocrx_word' id='word_1_101' title='bbox 1723 1827 1979 1894; x_wconf 85' lang='lat' dir='ltr'>noticia.</span> <span class='ocrx_word' id='word_1_102' title='bbox 2071 1827 2340 1894; x_wconf 88' lang='lat' dir='ltr'>Declara</span> <span class='ocrx_word' id='word_1_103' title='bbox 2401 1828 2594 1893; x_wconf 88' lang='lat' dir='ltr'>etiam</span> <span class='ocrx_word' id='word_1_104' title='bbox 2651 1833 2956 1909; x_wconf 88' lang='lat' dir='ltr'>quantum</span> 
     </span>
     <span class='ocr_line' id='line_1_14' title="bbox 606 1928 2951 2013; baseline 0.001 -20"><span class='ocrx_word' id='word_1_105' title='bbox 606 1928 776 1993; x_wconf 86' lang='lat' dir='ltr'>circa</span> <span class='ocrx_word' id='word_1_106' title='bbox 818 1929 1353 2010; x_wconf 83' lang='lat' dir='ltr'>recuperationem</span> <span class='ocrx_word' id='word_1_107' title='bbox 1395 1930 1698 1995; x_wconf 89' lang='lat' dir='ltr'>donorum</span> <span class='ocrx_word' id='word_1_108' title='bbox 1740 1928 1933 1995; x_wconf 87' lang='lat' dir='ltr'>fueris</span> <span class='ocrx_word' id='word_1_109' title='bbox 1985 1934 2290 2011; x_wconf 88' lang='lat' dir='ltr'>operatus</span> <span class='ocrx_word' id='word_1_110' title='bbox 2351 1935 2416 1998; x_wconf 88' lang='lat' dir='ltr'>et</span> <span class='ocrx_word' id='word_1_111' title='bbox 2478 1931 2648 2013; x_wconf 91' lang='lat' dir='ltr'>quod</span> <span class='ocrx_word' id='word_1_112' title='bbox 2692 1947 2951 2012; x_wconf 88' lang='lat' dir='ltr'>speran-</span> 
     </span>
     <span class='ocr_line' id='line_1_15' title="bbox 602 2030 1750 2098; baseline 0.002 -2"><span class='ocrx_word' id='word_1_113' title='bbox 602 2031 756 2096; x_wconf 91' lang='lat' dir='ltr'>dum</span> <span class='ocrx_word' id='word_1_114' title='bbox 799 2030 1230 2098; x_wconf 87' lang='lat' dir='ltr'>faciendumve</span> <span class='ocrx_word' id='word_1_115' title='bbox 1270 2033 1337 2097; x_wconf 91' lang='lat' dir='ltr'>in</span> <span class='ocrx_word' id='word_1_116' title='bbox 1380 2051 1451 2098; x_wconf 91' lang='lat' dir='ltr'>re</span> <span class='ocrx_word' id='word_1_117' title='bbox 1492 2031 1605 2098; x_wconf 89' lang='lat' dir='ltr'>illa</span> <span class='ocrx_word' id='word_1_118' title='bbox 1647 2033 1750 2098; x_wconf 91' lang='lat' dir='ltr'>sit.</span> 
     </span>
    </p>

    <p class='ocr_par' dir='ltr' id='par_1_4' title="bbox 598 2134 2956 3143">
     <span class='ocr_line' id='line_1_16' title="bbox 812 2134 2956 2220; baseline 0 -21"><span class='ocrx_word' id='word_1_119' title='bbox 812 2134 1009 2200; x_wconf 87' lang='lat' dir='ltr'>Venit</span> <span class='ocrx_word' id='word_1_120' title='bbox 1066 2135 1149 2200; x_wconf 90' lang='lat' dir='ltr'>ad</span> <span class='ocrx_word' id='word_1_121' title='bbox 1198 2141 1479 2201; x_wconf 88' lang='lat' dir='ltr'>nostram</span> <span class='ocrx_word' id='word_1_122' title='bbox 1539 2137 1917 2219; x_wconf 85' lang='lat' dir='ltr'>presentiam</span> <span class='ocrx_word' id='word_1_123' title='bbox 1973 2136 2082 2202; x_wconf 92' lang='lat' dir='ltr'>ille</span> <span class='ocrx_word' id='word_1_124' title='bbox 2140 2136 2429 2203; x_wconf 89' lang='lat' dir='ltr'>dominus</span> <span class='ocrx_word' id='word_1_125' title='bbox 2475 2135 2782 2220; x_wconf 83' lang='lat' dir='ltr'>Georgius</span> <span class='ocrx_word' id='word_1_126' title='bbox 2829 2135 2956 2201; x_wconf 88' lang='lat' dir='ltr'>Ga-</span> 
     </span>
     <span class='ocr_line' id='line_1_17' title="bbox 604 2237 2955 2320; baseline 0.001 -18"><span class='ocrx_word' id='word_1_127' title='bbox 604 2237 849 2304; x_wconf 89' lang='lat' dir='ltr'>staldus</span> <span class='ocrx_word' id='word_1_128' title='bbox 892 2241 1247 2320; x_wconf 86' lang='lat' dir='ltr'>prepositus</span> <span class='ocrx_word' id='word_1_129' title='bbox 1292 2243 1427 2319; x_wconf 89' lang='lat' dir='ltr'>etc.‚</span> <span class='ocrx_word' id='word_1_130' title='bbox 1476 2241 1584 2320; x_wconf 88' lang='lat' dir='ltr'>qui</span> <span class='ocrx_word' id='word_1_131' title='bbox 1628 2238 1745 2305; x_wconf 90' lang='lat' dir='ltr'>tibi</span> <span class='ocrx_word' id='word_1_132' title='bbox 1792 2241 2112 2306; x_wconf 79' lang='lat' dir='ltr'>mutuavit</span> <span class='ocrx_word' id='word_1_133' title='bbox 2155 2241 2422 2306; x_wconf 84' lang='lat' dir='ltr'>ducatos</span> <span class='ocrx_word' id='word_1_134' title='bbox 2465 2240 2616 2318; x_wconf 82' lang='lat'><strong>270,</strong></span> <span class='ocrx_word' id='word_1_135' title='bbox 2665 2239 2813 2304; x_wconf 91' lang='lat' dir='ltr'>dum</span> <span class='ocrx_word' id='word_1_136' title='bbox 2856 2258 2955 2304; x_wconf 90' lang='lat' dir='ltr'>re-</span> 
     </span>
     <span class='ocr_line' id='line_1_18' title="bbox 600 2340 2944 2425; baseline 0 -19"><span class='ocrx_word' id='word_1_137' title='bbox 600 2341 771 2406; x_wconf 89' lang='lat' dir='ltr'>dires</span> <span class='ocrx_word' id='word_1_138' title='bbox 816 2359 891 2406; x_wconf 89' lang='lat' dir='ltr'>ex</span> <span class='ocrx_word' id='word_1_139' title='bbox 932 2340 1137 2406; x_wconf 87' lang='lat' dir='ltr'>Sithia</span> <span class='ocrx_word' id='word_1_140' title='bbox 1180 2361 1322 2407; x_wconf 91' lang='lat' dir='ltr'>cum</span> <span class='ocrx_word' id='word_1_141' title='bbox 1365 2348 1611 2408; x_wconf 89' lang='lat' dir='ltr'>oratore</span> <span class='ocrx_word' id='word_1_142' title='bbox 1654 2342 2060 2425; x_wconf 89' lang='lat' dir='ltr'>Imperatoris</span> <span class='ocrx_word' id='word_1_143' title='bbox 2105 2341 2514 2408; x_wconf 88' lang='lat' dir='ltr'>Tartarorum</span> <span class='ocrx_word' id='word_1_144' title='bbox 2575 2347 2641 2407; x_wconf 89' lang='lat' dir='ltr'>et</span> <span class='ocrx_word' id='word_1_145' title='bbox 2693 2347 2944 2407; x_wconf 88' lang='lat' dir='ltr'>ostenso</span> 
     </span>
     <span class='ocr_line' id='line_1_19' title="bbox 604 2443 2946 2527; baseline -0.001 -18"><span class='ocrx_word' id='word_1_146' title='bbox 604 2449 714 2509; x_wconf 88' lang='lat' dir='ltr'>tuo</span> <span class='ocrx_word' id='word_1_147' title='bbox 759 2443 1163 2526; x_wconf 87' lang='lat' dir='ltr'>Cyrographo</span> <span class='ocrx_word' id='word_1_148' title='bbox 1206 2449 1271 2510; x_wconf 91' lang='lat' dir='ltr'>et</span> <span class='ocrx_word' id='word_1_149' title='bbox 1311 2445 1531 2524; x_wconf 75' lang='lat' dir='ltr'>literiS‚</span> <span class='ocrx_word' id='word_1_150' title='bbox 1596 2463 1753 2526; x_wconf 84' lang='lat' dir='ltr'>quas</span> <span class='ocrx_word' id='word_1_151' title='bbox 1800 2445 1895 2510; x_wconf 83' lang='lat' dir='ltr'>-ad</span> <span class='ocrx_word' id='word_1_152' title='bbox 1950 2465 2066 2511; x_wconf 84' lang='lat' dir='ltr'>nos</span> <span class='ocrx_word' id='word_1_153' title='bbox 2125 2446 2472 2527; x_wconf 85' lang='lat' dir='ltr'>scripseras</span> <span class='ocrx_word' id='word_1_154' title='bbox 2537 2443 2946 2510; x_wconf 84' lang='lat' dir='ltr'>testificantes</span> 
     </span>
     <span class='ocr_line' id='line_1_20' title="bbox 604 2545 2954 2632; baseline -0.001 -19"><span class='ocrx_word' id='word_1_155' title='bbox 604 2552 669 2613; x_wconf 89' lang='lat' dir='ltr'>te</span> <span class='ocrx_word' id='word_1_156' title='bbox 710 2546 1025 2629; x_wconf 88' lang='lat' dir='ltr'>accepisse</span> <span class='ocrx_word' id='word_1_157' title='bbox 1062 2547 1357 2629; x_wconf 87' lang='lat' dir='ltr'>pecunias</span> <span class='ocrx_word' id='word_1_158' title='bbox 1415 2548 1753 2630; x_wconf 87' lang='lat' dir='ltr'>predictas,</span> <span class='ocrx_word' id='word_1_159' title='bbox 1816 2567 1924 2615; x_wconf 88' lang='lat' dir='ltr'>eas</span> <span class='ocrx_word' id='word_1_160' title='bbox 1991 2548 2287 2632; x_wconf 85' lang='lat' dir='ltr'>evestigio</span> <span class='ocrx_word' id='word_1_161' title='bbox 2327 2547 2484 2613; x_wconf 88' lang='lat' dir='ltr'>solvi</span> <span class='ocrx_word' id='word_1_162' title='bbox 2541 2545 2838 2612; x_wconf 89' lang='lat' dir='ltr'>fecimus:</span> <span class='ocrx_word' id='word_1_163' title='bbox 2887 2550 2954 2613; x_wconf 93' lang='lat' dir='ltr'>et</span> 
     </span>
     <span class='ocr_line' id='line_1_21' title="bbox 599 2648 2940 2733; baseline -0.001 -19"><span class='ocrx_word' id='word_1_164' title='bbox 599 2649 859 2731; x_wconf 87' lang='lat' dir='ltr'>insuper</span> <span class='ocrx_word' id='word_1_165' title='bbox 898 2648 1251 2727; x_wconf 76' lang='lat' dir='ltr'>blandeque</span> <span class='ocrx_word' id='word_1_166' title='bbox 1294 2670 1437 2717; x_wconf 91' lang='lat' dir='ltr'>eum</span> <span class='ocrx_word' id='word_1_167' title='bbox 1482 2670 1697 2717; x_wconf 91' lang='lat' dir='ltr'>sumus</span> <span class='ocrx_word' id='word_1_168' title='bbox 1739 2652 2000 2718; x_wconf 89' lang='lat' dir='ltr'>allocuti</span> <span class='ocrx_word' id='word_1_169' title='bbox 2059 2656 2130 2733; x_wconf 71' lang='lat' dir='ltr'>¹et</span> <span class='ocrx_word' id='word_1_170' title='bbox 2193 2649 2559 2717; x_wconf 91' lang='lat' dir='ltr'>munusculo</span> <span class='ocrx_word' id='word_1_171' title='bbox 2603 2650 2940 2715; x_wconf 88' lang='lat' dir='ltr'>hornatum</span> 
     </span>
     <span class='ocr_line' id='line_1_22' title="bbox 602 2750 2942 2835; baseline 0 -18"><span class='ocrx_word' id='word_1_172' title='bbox 602 2752 894 2817; x_wconf 90' lang='lat' dir='ltr'>dimisum</span> <span class='ocrx_word' id='word_1_173' title='bbox 931 2758 1005 2817; x_wconf 93' lang='lat' dir='ltr'>ut</span> <span class='ocrx_word' id='word_1_174' title='bbox 1047 2770 1227 2818; x_wconf 91' lang='lat' dir='ltr'>suum</span> <span class='ocrx_word' id='word_1_175' title='bbox 1272 2753 1340 2817; x_wconf 90' lang='lat' dir='ltr'>in</span> <span class='ocrx_word' id='word_1_176' title='bbox 1383 2754 1621 2819; x_wconf 88' lang='lat' dir='ltr'>curiam</span> <span class='ocrx_word' id='word_1_177' title='bbox 1663 2754 2076 2821; x_wconf 90' lang='lat' dir='ltr'>constitutum</span> <span class='ocrx_word' id='word_1_178' title='bbox 2119 2753 2241 2818; x_wconf 86' lang='lat' dir='ltr'>iter</span> <span class='ocrx_word' id='word_1_179' title='bbox 2285 2755 2720 2835; x_wconf 87' lang='lat' dir='ltr'>prosequatur.</span> <span class='ocrx_word' id='word_1_180' title='bbox 2803 2750 2942 2817; x_wconf 90' lang='lat' dir='ltr'>Hoc</span> 
     </span>
     <span class='ocr_line' id='line_1_23' title="bbox 600 2854 2945 2940; baseline -0 -21"><span class='ocrx_word' id='word_1_181' title='bbox 600 2854 717 2919; x_wconf 88' lang='lat' dir='ltr'>tibi</span> <span class='ocrx_word' id='word_1_182' title='bbox 760 2854 1151 2921; x_wconf 88' lang='lat' dir='ltr'>declaratum</span> <span class='ocrx_word' id='word_1_183' title='bbox 1192 2855 1494 2936; x_wconf 74' lang='lat' dir='ltr'>volumuS‚</span> <span class='ocrx_word' id='word_1_184' title='bbox 1542 2873 1625 2920; x_wconf 91' lang='lat' dir='ltr'>ne</span> <span class='ocrx_word' id='word_1_185' title='bbox 1666 2856 1933 2938; x_wconf 88' lang='lat' dir='ltr'>amplius</span> <span class='ocrx_word' id='word_1_186' title='bbox 1986 2856 2248 2940; x_wconf 88' lang='lat' dir='ltr'>pecunie</span> <span class='ocrx_word' id='word_1_187' title='bbox 2317 2855 2602 2936; x_wconf 88' lang='lat' dir='ltr'>predicte</span> <span class='ocrx_word' id='word_1_188' title='bbox 2644 2871 2684 2917; x_wconf 87' lang='lat' dir='ltr'>a</span> <span class='ocrx_word' id='word_1_189' title='bbox 2730 2858 2794 2918; x_wconf 87' lang='lat' dir='ltr'>te</span> <span class='ocrx_word' id='word_1_190' title='bbox 2832 2872 2945 2935; x_wconf 88' lang='lat' dir='ltr'>per</span> 
     </span>
     <span class='ocr_line' id='line_1_24' title="bbox 598 2956 2940 3041; baseline 0 -20"><span class='ocrx_word' id='word_1_191' title='bbox 598 2956 863 3022; x_wconf 86' lang='lat' dir='ltr'>fratrem</span> <span class='ocrx_word' id='word_1_192' title='bbox 917 2957 1193 3023; x_wconf 88' lang='lat' dir='ltr'>eiusdem</span> <span class='ocrx_word' id='word_1_193' title='bbox 1258 2958 1492 3023; x_wconf 88' lang='lat' dir='ltr'>domini</span> <span class='ocrx_word' id='word_1_194' title='bbox 1557 2958 1827 3041; x_wconf 86' lang='lat' dir='ltr'>Georgii,</span> <span class='ocrx_word' id='word_1_195' title='bbox 1886 2964 2000 3023; x_wconf 86' lang='lat' dir='ltr'>aut</span> <span class='ocrx_word' id='word_1_196' title='bbox 2070 2977 2183 3039; x_wconf 88' lang='lat' dir='ltr'>per</span> <span class='ocrx_word' id='word_1_197' title='bbox 2239 2958 2428 3023; x_wconf 89' lang='lat' dir='ltr'>aliam</span> <span class='ocrx_word' id='word_1_198' title='bbox 2485 2956 2940 3039; x_wconf 89' lang='lat' dir='ltr'>ignorationem</span> 
     </span>
     <span class='ocr_line' id='line_1_25' title="bbox 600 3058 2947 3143; baseline -0.001 -18"><span class='ocrx_word' id='word_1_199' title='bbox 600 3059 763 3125; x_wconf 85' lang='lat' dir='ltr'>forte</span> <span class='ocrx_word' id='word_1_200' title='bbox 805 3058 971 3125; x_wconf 83' lang='lat' dir='ltr'>facte</span> <span class='ocrx_word' id='word_1_201' title='bbox 1016 3060 1343 3126; x_wconf 90' lang='lat' dir='ltr'>solutionis</span> <span class='ocrx_word' id='word_1_202' title='bbox 1402 3062 1534 3142; x_wconf 87' lang='lat' dir='ltr'>peti</span> <span class='ocrx_word' id='word_1_203' title='bbox 1594 3062 1855 3143; x_wconf 86' lang='lat' dir='ltr'>possint,</span> <span class='ocrx_word' id='word_1_204' title='bbox 1921 3065 1988 3126; x_wconf 90' lang='lat' dir='ltr'>et</span> <span class='ocrx_word' id='word_1_205' title='bbox 2051 3062 2106 3126; x_wconf 90' lang='lat' dir='ltr'>si</span> <span class='ocrx_word' id='word_1_206' title='bbox 2169 3065 2534 3143; x_wconf 87' lang='lat' dir='ltr'>peterentur</span> <span class='ocrx_word' id='word_1_207' title='bbox 2592 3058 2804 3124; x_wconf 86' lang='lat' dir='ltr'>valeas</span> <span class='ocrx_word' id='word_1_208' title='bbox 2850 3076 2947 3124; x_wconf 91' lang='lat' dir='ltr'>re·</span> 
     </span>
    </p>
   </div>
   <div class='ocr_carea' id='block_1_4' title="bbox 600 3162 1487 3330">
    <p class='ocr_par' dir='ltr' id='par_1_5' title="bbox 600 3162 1487 3330">
     <span class='ocr_line' id='line_1_26' title="bbox 600 3162 927 3245; baseline -0.006 -17"><span class='ocrx_word' id='word_1_209' title='bbox 600 3162 927 3245; x_wconf 88' lang='lat' dir='ltr'>spondere.</span> 
     </span>
     <span class='ocr_line' id='line_1_27' title="bbox 802 3262 1487 3330; baseline 0 -2"><span class='ocrx_word' id='word_1_210' title='bbox 802 3263 943 3329; x_wconf 90' lang='lat' dir='ltr'>XV.</span> <span class='ocrx_word' id='word_1_211' title='bbox 981 3263 1257 3330; x_wconf 90' lang='lat' dir='ltr'>Ianuarii</span> <span class='ocrx_word' id='word_1_212' title='bbox 1304 3262 1487 3329; x_wconf 87' lang='lat'><strong>1476.</strong></span> 
     </span>
    </p>
   </div>
   <div class='ocr_carea' id='block_1_5' title="bbox 668 3396 2114 3555">
    <p class='ocr_par' dir='ltr' id='par_1_6' title="bbox 668 3396 2114 3555">
     <span class='ocr_line' id='line_1_28' title="bbox 943 3396 1966 3481; baseline -0.002 -27"><span class='ocrx_word' id='word_1_213' title='bbox 943 3398 1207 3467; x_wconf 73' lang='grc' dir='ltr'><em>(ΑνσΙιίυἰο</em></span> <span class='ocrx_word' id='word_1_214' title='bbox 1238 3399 1296 3453; x_wconf 77' lang='lat' dir='ltr'>di</span> <span class='ocrx_word' id='word_1_215' title='bbox 1329 3397 1483 3454; x_wconf 74' lang='lat' dir='ltr'>Scato</span> <span class='ocrx_word' id='word_1_216' title='bbox 1516 3398 1571 3453; x_wconf 78' lang='lat' dir='ltr'>in</span> <span class='ocrx_word' id='word_1_217' title='bbox 1616 3396 1877 3465; x_wconf 73' lang='lat' dir='ltr'>Venezia).</span> <span class='ocrx_word' id='word_1_218' title='bbox 1959 3473 1966 3481; x_wconf 39' lang='grc' dir='ltr'>Ι</span> 
     </span>
     <span class='ocr_line' id='line_1_29' title="bbox 668 3484 2114 3555; baseline -0.001 -16"><span class='ocrx_word' id='word_1_219' title='bbox 668 3484 1099 3541; x_wconf 80' lang='lat' dir='ltr'>Deliberazioni</span> <span class='ocrx_word' id='word_1_220' title='bbox 1134 3484 1346 3541; x_wconf 82' lang='lat' dir='ltr'>Senato</span> <span class='ocrx_word' id='word_1_221' title='bbox 1383 3484 1615 3553; x_wconf 82' lang='lat' dir='ltr'>Secreti,</span> <span class='ocrx_word' id='word_1_222' title='bbox 1650 3501 1767 3555; x_wconf 89' lang='lat' dir='ltr'>reg.</span> <span class='ocrx_word' id='word_1_223' title='bbox 1808 3484 1873 3537; x_wconf 79' lang='lat'>27</span> <span class='ocrx_word' id='word_1_224' title='bbox 1912 3500 1960 3539; x_wconf 85' lang='lat' dir='ltr'>c.</span> <span class='ocrx_word' id='word_1_225' title='bbox 1997 3484 2114 3538; x_wconf 81' lang='lat'>124.</span> 
     </span>
    </p>
   </div>
   <div class='ocr_carea' id='block_1_6' title="bbox 1514 3638 2030 3655">
    <p class='ocr_par' dir='ltr' id='par_1_7' title="bbox 1514 3638 2030 3655">
     <span class='ocr_line' id='line_1_30' title="bbox 1514 3638 2030 3655; baseline 0 1532"><span class='ocrx_word' id='word_1_226' title='bbox 1514 3638 2030 3655; x_wconf 95' lang='lat' dir='ltr'> </span> 
     </span>
    </p>
   </div>
   <div class='ocr_carea' id='block_1_7' title="bbox 1001 3757 2553 3978">
    <p class='ocr_par' dir='ltr' id='par_1_8' title="bbox 1001 3757 2553 3978">
     <span class='ocr_line' id='line_1_31' title="bbox 1606 3757 1938 3833; baseline 0 0"><span class='ocrx_word' id='word_1_227' title='bbox 1606 3757 1938 3833; x_wconf 89' lang='lat' dir='ltr'>LXXV.</span> 
     </span>
     <span class='ocr_line' id='line_1_32' title="bbox 1001 3894 2553 3978; baseline 0.001 -18"><span class='ocrx_word' id='word_1_228' title='bbox 1001 3894 1461 3963; x_wconf 71' lang='lat' dir='ltr'>mcccckxxvl.</span> <span class='ocrx_word' id='word_1_229' title='bbox 1507 3895 1603 3964; x_wconf 82' lang='lat' dir='ltr'>die</span> <span class='ocrx_word' id='word_1_230' title='bbox 1650 3897 1715 3964; x_wconf 84' lang='grc' dir='ltr'>Χ.</span> <span class='ocrx_word' id='word_1_231' title='bbox 1758 3896 2006 3963; x_wconf 75' lang='lat' dir='ltr'>ianuarii</span> <span class='ocrx_word' id='word_1_232' title='bbox 2051 3897 2245 3978; x_wconf 82' lang='lat' dir='ltr'>(more</span> <span class='ocrx_word' id='word_1_233' title='bbox 2290 3896 2553 3978; x_wconf 80' lang='lat' dir='ltr'>veneto).</span> 
     </span>
    </p>
   </div>
   <div class='ocr_carea' id='block_1_8' title="bbox 1268 4065 2284 4149">
    <p class='ocr_par' dir='ltr' id='par_1_9' title="bbox 1268 4065 2284 4149">
     <span class='ocr_line' id='line_1_33' title="bbox 1268 4065 2284 4149; baseline 0 -17"><span class='ocrx_word' id='word_1_234' title='bbox 1268 4065 1522 4132; x_wconf 86' lang='lat' dir='ltr'>Oratori</span> <span class='ocrx_word' id='word_1_235' title='bbox 1566 4071 1783 4133; x_wconf 87' lang='lat' dir='ltr'>nostro</span> <span class='ocrx_word' id='word_1_236' title='bbox 1830 4066 1898 4132; x_wconf 91' lang='lat' dir='ltr'>in</span> <span class='ocrx_word' id='word_1_237' title='bbox 1939 4065 2284 4149; x_wconf 88' lang='lat' dir='ltr'>Hungaria.</span> 
     </span>
    </p>
   </div>
   <div class='ocr_carea' id='block_1_9' title="bbox 592 4184 2968 4579">
    <p class='ocr_par' dir='ltr' id='par_1_10' title="bbox 592 4184 2968 4579">
     <span class='ocr_line' id='line_1_34' title="bbox 800 4184 2953 4269; baseline 0 -19"><span class='ocrx_word' id='word_1_238' title='bbox 800 4184 1132 4252; x_wconf 88' lang='lat' dir='ltr'>Postreme</span> <span class='ocrx_word' id='word_1_239' title='bbox 1186 4206 1343 4269; x_wconf 84' lang='lat' dir='ltr'>quas</span> <span class='ocrx_word' id='word_1_240' title='bbox 1384 4206 1423 4253; x_wconf 91' lang='lat' dir='ltr'>a</span> <span class='ocrx_word' id='word_1_241' title='bbox 1465 4186 1643 4253; x_wconf 89' lang='lat' dir='ltr'>vobis</span> <span class='ocrx_word' id='word_1_242' title='bbox 1687 4187 2040 4269; x_wconf 87' lang='lat' dir='ltr'>accepimus</span> <span class='ocrx_word' id='word_1_243' title='bbox 2092 4192 2240 4254; x_wconf 91' lang='lat' dir='ltr'>sunt</span> <span class='ocrx_word' id='word_1_244' title='bbox 2281 4186 2522 4253; x_wconf 90' lang='lat' dir='ltr'>dierum</span> <span class='ocrx_word' id='word_1_245' title='bbox 2565 4190 2836 4269; x_wconf 81' lang='lat' dir='ltr'>quatuor</span> <span class='ocrx_word' id='word_1_246' title='bbox 2878 4189 2953 4251; x_wconf 83' lang='lat' dir='ltr'>et·</span> 
     </span>
     <span class='ocr_line' id='line_1_35' title="bbox 594 4286 2939 4372; baseline -0.001 -17"><span class='ocrx_word' id='word_1_247' title='bbox 594 4290 798 4372; x_wconf 87' lang='lat' dir='ltr'>quinti</span> <span class='ocrx_word' id='word_1_248' title='bbox 841 4289 1072 4355; x_wconf 89' lang='lat' dir='ltr'>mensis</span> <span class='ocrx_word' id='word_1_249' title='bbox 1117 4290 1333 4371; x_wconf 85' lang='lat' dir='ltr'>elapsi,</span> <span class='ocrx_word' id='word_1_250' title='bbox 1385 4294 1451 4357; x_wconf 90' lang='lat' dir='ltr'>et</span> <span class='ocrx_word' id='word_1_251' title='bbox 1491 4289 1573 4356; x_wconf 87' lang='lat' dir='ltr'>ab</span> <span class='ocrx_word' id='word_1_252' title='bbox 1617 4292 1843 4356; x_wconf 89' lang='lat' dir='ltr'>harum</span> <span class='ocrx_word' id='word_1_253' title='bbox 1887 4291 2209 4356; x_wconf 89' lang='lat' dir='ltr'>mentione</span> <span class='ocrx_word' id='word_1_254' title='bbox 2255 4289 2599 4371; x_wconf 89' lang='lat' dir='ltr'>incepimus</span> <span class='ocrx_word' id='word_1_255' title='bbox 2646 4286 2939 4370; x_wconf 88' lang='lat' dir='ltr'>quoniam</span> 
     </span>
     <span class='ocr_line' id='line_1_36' title="bbox 592 4390 2940 4474; baseline -0 -18"><span class='ocrx_word' id='word_1_256' title='bbox 592 4392 845 4458; x_wconf 88' lang='lat' dir='ltr'>letiores</span> <span class='ocrx_word' id='word_1_257' title='bbox 890 4390 1404 4474; x_wconf 90' lang='lat' dir='ltr'>iocundioresque</span> <span class='ocrx_word' id='word_1_258' title='bbox 1457 4392 1639 4459; x_wconf 91' lang='lat' dir='ltr'>nobis</span> <span class='ocrx_word' id='word_1_259' title='bbox 1698 4391 1872 4459; x_wconf 88' lang='lat' dir='ltr'>fuere</span> <span class='ocrx_word' id='word_1_260' title='bbox 1931 4393 2330 4459; x_wconf 88' lang='lat' dir='ltr'>nuntiatione</span> <span class='ocrx_word' id='word_1_261' title='bbox 2381 4390 2654 4457; x_wconf 87' lang='lat' dir='ltr'>felicium</span> <span class='ocrx_word' id='word_1_262' title='bbox 2697 4406 2940 4455; x_wconf 89' lang='lat' dir='ltr'>succes-</span> 
     </span>
     <span class='ocr_line' id='line_1_37' title="bbox 592 4493 2968 4579; baseline -0.001 -20"><span class='ocrx_word' id='word_1_263' title='bbox 592 4512 775 4560; x_wconf 88' lang='lat' dir='ltr'>suum</span> <span class='ocrx_word' id='word_1_264' title='bbox 828 4512 1039 4559; x_wconf 92' lang='lat' dir='ltr'>rerum</span> <span class='ocrx_word' id='word_1_265' title='bbox 1082 4493 1403 4576; x_wconf 86' lang='lat' dir='ltr'>Valachie,</span> <span class='ocrx_word' id='word_1_266' title='bbox 1462 4514 1577 4579; x_wconf 88' lang='lat' dir='ltr'>pro</span> <span class='ocrx_word' id='word_1_267' title='bbox 1636 4495 1863 4577; x_wconf 89' lang='lat' dir='ltr'>quibus</span> <span class='ocrx_word' id='word_1_268' title='bbox 1924 4514 2064 4563; x_wconf 89' lang='lat' dir='ltr'>cum</span> <span class='ocrx_word' id='word_1_269' title='bbox 2123 4495 2300 4578; x_wconf 84' lang='lat' dir='ltr'>regia</span> <span class='ocrx_word' id='word_1_270' title='bbox 2340 4494 2678 4561; x_wconf 81' lang='lat' dir='ltr'>Maiestate</span> <span class='ocrx_word' id='word_1_271' title='bbox 2719 4498 2968 4558; x_wconf 87' lang='lat' dir='ltr'>nostro-</span> 
     </span>
    </p>
   </div>
  </div>
 </body>
</html>
