3793 5187
1844 420 1967 487 108

1753 710 2050 787 XLIX.

1448 849 1882 919 mccccxum.
1927 850 2023 918 die
2068 849 2172 916 ΙΙΙΙ.
2218 848 2359 915 iulii.

933 1019 1487 1087 Reverendissimo
1551 1020 1803 1086 domino
1868 1018 2191 1087 cardinali
2251 1024 2479 1085 veneto
2542 1017 3074 1085 vicecancellario

735 1122 949 1206 legato
996 1121 1382 1205 ApostolicO.

1486 1226 2043 1293 Rex-erendissime
2086 1230 2286 1308 pater.

934 1344 1079 1412 Non
1143 1350 1242 1412 est
1303 1346 1691 1429 incognitum
1757 1346 1992 1412 Vestre
2059 1344 2610 1411 Reverendissime
2673 1341 3076 1421 Paternitati‚

736 1453 974 1531 quanto
1015 1448 1227 1515 studio
1275 1452 1343 1515 et
1387 1449 1734 1532 diligentia,
1783 1449 2231 1531 optaverimus,
2291 1454 2362 1514 ut
2406 1447 2607 1529 galee,
2651 1446 2904 1512 nomine
2949 1444 3078 1509 Ro-

734 1550 903 1616 mani
948 1548 1285 1632 pontificis,
1329 1550 1430 1617 hic
1469 1557 1732 1631 armate,
1793 1556 2134 1631 vesu-eque
2194 1550 2498 1632 legationi
2543 1548 2892 1631 supposite,
2936 1547 3080 1614 hinc

736 1653 860 1719 cito
908 1652 1378 1735 expedirentur,
1424 1659 1496 1719 ut
1535 1673 1652 1738 pro
1684 1654 1902 1719 votiva
1933 1653 2307 1719 executione
2339 1656 2562 1717 sancte
2589 1650 2918 1733 Impresie‚
2966 1649 3081 1715 ad-

737 1774 958 1822 versus
988 1752 1271 1838 perfidos
1310 1760 1567 1821 teucros
1614 1762 1864 1839 sumpte
1902 1755 2194 1821 strictum
2227 1753 2540 1837 Galipolis
2575 1754 2866 1819 celeriter
2897 1769 3083 1818 occu-

736 1878 893 1943 pare
934 1863 1217 1941 possent.
1310 1858 1398 1923 Et
1439 1860 1591 1925 licet
1634 1860 1905 1926 sciamus
1954 1858 2572 1924 Reverendissimam
2616 1855 3082 1921 Paternitatcm

738 1962 1036 2028 Vestram
1079 1962 1256 2028 istud
1297 1980 1423 2027 non
1466 1963 1671 2029 minus
1715 1968 2042 2045 appetere,
2090 1980 2280 2044 quam
2328 1980 2444 2027 nos
2486 1960 2626 2043 ipsi,
2677 1958 3083 2025 consideran-

738 2071 839 2131 tes
866 2070 1080 2131 tamen
1124 2070 1429 2147 quantum
1470 2064 1775 2131 hactenus
1822 2065 2222 2131 comoditatis
2269 2068 2334 2129 et
2379 2062 2687 2146 temporis
2715 2062 3083 2144 pretermis-

740 2186 880 2233 sum
926 2172 1045 2248 est,
1109 2166 1439 2232 hortamur
1484 2173 1551 2233 et
1590 2186 1889 2249 rogamus
1934 2165 2552 2231 Reverendissimam
2598 2164 3086 2231 dominationem

740 2276 1037 2351 vestram,
1104 2269 1255 2336 licet
1314 2270 1382 2337 id
1440 2288 1565 2335 non
1634 2270 1936 2352 expedire
1990 2274 2304 2351 putemuS,
2364 2274 2437 2334 ut
2494 2267 2784 2336 adhibita
2837 2265 3088 2332 solicita

743 2392 960 2457 opera,
1003 2372 1070 2438 in
1114 2373 1405 2439 strictum
1452 2370 1780 2454 Galipolis,
1836 2390 1961 2453 quo
2007 2371 2276 2437 celerius
2321 2370 2407 2437 sit
2446 2370 2773 2452 possibile,
2819 2388 2890 2435 se
2926 2368 3086 2434 reci-

740 2477 896 2558 piat.
975 2474 1279 2541 Heterea
1324 2480 1389 2540 et
1432 2475 1487 2539 si
1532 2480 1680 2539 ante
1730 2478 2012 2539 vestrum
2057 2472 2201 2538 hinc
2247 2473 2592 2539 discessum
2638 2472 3087 2539 contulerimus

742 2597 884 2645 cum
926 2576 1541 2645 Reverendissimam
1583 2576 2042 2642 Paternitatem
2087 2585 2364 2642 vestram
2415 2575 2584 2643 circa
2615 2595 2693 2642 ea
2723 2592 2849 2658 que
2879 2579 2946 2640 et
2979 2591 3088 2640 vo-

740 2680 842 2750 bis
888 2686 955 2748 et
987 2680 1171 2747 nobis
1212 2680 1419 2764 pridie
1460 2680 1719 2762 scripsit
1761 2678 2350 2746 Reverendissimus
2397 2679 2686 2746 dominus
2735 2677 3090 2744 cardinalis

744 2785 947 2852 sancti
991 2781 1219 2865 Angeli
1262 2782 1513 2864 legatus
1574 2800 1766 2864 super
1826 2781 2144 2864 aliquibus
2206 2783 2407 2866 galeis
2441 2783 2768 2850 mittendis
2815 2799 2934 2864 per
2975 2779 3090 2846 flu-

743 2906 888 2954 men
930 2886 1209 2953 Danubii
1250 2885 1331 2951 ad
1374 2882 1702 2950 ferendam
1746 2903 1934 2967 opem
1976 2885 2280 2952 exercitui
2326 2885 2836 2964 christianorum,
2881 2889 2956 2950 ut
2996 2881 3090 2948 fa-

747 2989 925 3056 cilius
990 2988 1265 3056 transire
1329 2988 1536 3071 possit
1605 2989 1943 3054 statuimus
2014 2994 2229 3056 tamen
2295 2995 2560 3072 propter
2619 2985 3091 3070 importantiam

743 3091 899 3158 facti
928 3110 1071 3160 cum
1115 3092 1181 3158 in
1223 3090 1343 3157 boc
1386 3092 1661 3158 transitu
1690 3092 1966 3158 Danubii
2009 3093 2358 3159 consistere
2402 3091 2728 3156 videamus
2761 3089 3094 3156 victoriam

746 3193 917 3262 illius
960 3198 1181 3260 sancte
1210 3193 1530 3276 impresie‚
1573 3195 1831 3261 mittere
1868 3197 2010 3262 istis
2049 3195 2424 3278 implicitum
2455 3194 2810 3277 exemplum
2845 3194 3093 3259 littera-

745 3315 889 3362 rum
930 3314 1091 3378 quas
1132 3296 1305 3362 idem
1349 3296 1938 3365 Reverendissimus
1985 3299 2274 3364 dominus
2307 3297 2661 3365 cardinalis
2705 3297 2960 3380 legatus
2989 3314 3094 3361 su-

747 3416 865 3483 per
910 3395 1033 3464 hac
1074 3399 1345 3464 materia
1406 3399 1612 3481 pridie
1666 3400 1853 3467 nobis
1913 3401 2168 3482 scripsit
2227 3400 2410 3467 simul
2473 3413 2632 3466 cum·
2676 3399 2818 3464 aliis
2861 3396 3094 3464 litteris

750 3516 911 3581 quas
954 3499 1149 3566 etiam
1207 3501 1375 3567 idem
1435 3501 2025 3568 Reverendissimus
2093 3503 2380 3568 dominus
2435 3504 2717 3586 Legatus
2775 3500 3095 3566 Reveren-

750 3601 1010 3668 dissime
1053 3603 1443 3670 Paternitati
1487 3609 1701 3670 vestre
1756 3605 2097 3672 novissime
2144 3605 2380 3686 scribit,
2448 3624 2605 3687 quas
2650 3608 2904 3686 sumpta
2949 3621 3096 3667 con-

749 3701 1015 3771 fidentia
1058 3711 1125 3773 et
1169 3724 1289 3787 pro
1333 3705 1583 3772 meliori
1650 3707 2032 3773 execucione
2088 3706 2245 3772 facti
2302 3707 2539 3790 aperiri
2599 3713 2664 3773 et
2716 3705 2842 3788 legi
2887 3703 3098 3770 facere

750 3824 877 3873 non
924 3807 1329 3875 incoveniens
1374 3826 1516 3874 esse
1554 3810 1937 3890 putavimus.
2005 3809 2353 3874 Hortamur
2396 3809 2592 3892 igitur
2619 3805 3097 3874 Reverendissi-

750 3927 921 3974 mam
957 3909 1423 3976 Paternitatem
1466 3916 1767 3991 vestram,
1827 3911 1926 3977 cui
1983 3916 2189 3976 totum
2247 3912 2662 3993 relinquimus
2725 3927 2884 3975 onus
2927 3906 3098 3974 istud

752 4017 828 4078 ut
873 4030 1016 4078 cum
1058 4011 1123 4078 in
1166 4013 1439 4079 transitu
1483 4013 1607 4080 isto
1652 4013 1926 4079 fluminis
1970 4012 2264 4093 Danubii,
2328 4014 2813 4080 christianorum
2863 4010 3097 4093 depen-

755 4115 870 4181 dat
911 4115 1182 4181 victoria
1225 4115 1503 4197 ideoque
1549 4117 1799 4182 omnino
1841 4115 2270 4181 necessarium
2303 4116 2649 4182 iudicemus
2683 4131 3006 4180 accessum
3035 4111 3100 4176 in

754 4216 1116 4282 Danubium
1160 4217 1470 4283 eiusmodi
1515 4217 1843 4300 galearum
1892 4223 2233 4301 postquam
2279 4216 2835 4283 Reverendissima
2878 4215 3092 4280 Pater-

754 4321 922 4386 nitas
958 4325 1175 4386 vestra
1212 4318 1550 4402 aplicuerit
1587 4320 1651 4386 in
1696 4321 1982 4386 strictum
2017 4319 2344 4402 Galipolis‚
2391 4320 2787 4385 comunicata
2816 4317 2936 4385 hac
2965 4335 3099 4383 ma-
