3793 5187
1944 583 2065 646 176

841 786 1063 867 rapine
1107 790 1174 852 et
1215 786 1446 852 damna
1487 784 1756 850 subditis
1798 786 1888 851 eis
1933 785 2281 851 commissis
2319 784 2519 866 illata,
2567 786 2647 852 de
2688 787 2830 853 loco
2872 787 2938 852 iu
2982 786 3197 855 locum·

841 894 1064 973 aptent
1106 895 1170 955 et
1215 906 1355 954 cum
1399 887 1755 953 oratoribus
1797 887 1969 971 regie
2000 885 2421 954 Sublimitatis
2464 889 2884 957 amicalibiter
2926 894 2992 956 et
3018 893 3191 972 paci-

839 991 955 1059 fice
1012 998 1241 1059 cuncta
1301 995 1712 1073 componant:
1781 989 1870 1055 Et
1920 989 2029 1056 ubi
2082 995 2287 1056 totum
2328 991 2395 1055 in
2433 997 2730 1074 promptu
2774 998 2841 1058 et
2882 993 3183 1076 evestigio

839 1095 1091 1161 restitui
1128 1100 1197 1160 et
1240 1094 1556 1160 emendari
1597 1112 1722 1159 non
1764 1093 1984 1177 possit,
2028 1092 2394 1159 emendetur
2438 1094 2667 1160 saltem
2710 1094 2823 1160 illa
2851 1113 3017 1176 pars,
3066 1115 3193 1179 que

838 1198 1156 1282 possibilis
1202 1198 1304 1278 sit,
1358 1216 1499 1263 cum
1542 1197 1894 1280 aptitudine
1930 1200 2210 1273 tempore
2254 1201 2320 1262 et
2358 1196 2565 1264 modo.
2644 1197 2732 1263 Et
2773 1199 3189 1280 imposterum

841 1300 1028 1368 alteri
1087 1319 1226 1367 cum
1264 1300 1482 1366 alteris
1525 1304 1748 1381 pacate
1790 1299 1988 1364 amice
2028 1302 2220 1380 atque
2264 1300 2425 1365 adeo
2472 1301 2867 1367 concorditer
2906 1307 2972 1366 et
3013 1303 3191 1368 unite

842 1407 1287 1470 conversentur
1337 1407 1403 1468 et
1462 1402 1693 1467 vivant.
1781 1403 1868 1466 Et
1928 1402 2009 1468 de
2068 1407 2347 1483 tempore
2413 1421 2538 1484 quo
2604 1404 2781 1486 regia
2824 1402 3193 1470 Sublimitas

841 1524 988 1574 suos
1025 1506 1278 1572 mittere
1321 1506 1618 1571 statuerit
1659 1523 1774 1571 nos
1809 1503 2110 1584 advisate,
2159 1505 2456 1587 quoniam
2479 1523 2597 1570 nos
2626 1511 2913 1571 nostrum
2942 1523 3203 1588 quoque-

839 1609 1161 1675 mittemus
1206 1609 1314 1692 qui
1355 1609 1570 1675 eodem
1613 1612 1895 1689 tempore
1937 1625 2078 1673 cum
2123 1607 2313 1690 regiis
2356 1607 2716 1673 conveniat.

1089 1710 1189 1776 De
1227 1715 1413 1794 parte
1541 1712 1687 1774 171.

1086 1815 1182 1878 De
1224 1832 1350 1879 non
1628 1812 1688 1876 2.

1090 1915 1234 1981 Non
1276 1915 1505 1981 sinceri
1629 1918 1687 1978 0.

1147 2034 1407 2102 (Archivio
1443 2033 1502 2088 di
1538 2031 1692 2086 Scato
1726 2035 1780 2086 ἐπ
1825 2031 2085 2101 szezia).

909 2118 1334 2175 Deliberazioni
1371 2119 1584 2175 Senato
1621 2117 1857 2182 Secreti‚
1899 2133 2019 2188 reg.
2058 2118 2123 2171 27
2161 2134 2213 2173 e.
2249 2119 2367 2172 124.

1841 2407 2215 2485 LXXVI.

1246 2546 1703 2616 Meceni-xxvi.
1746 2546 1842 2615 die
1889 2547 1956 2615 Χ.
2000 2549 2242 2615 ianuarii
2289 2548 2483 2630 (more
2528 2547 2791 2629 veneto).

1504 2715 1762 2783 Oratori
1805 2724 2023 2783 nostro
2067 2719 2133 2783 in
2171 2717 2526 2799 Hungaria.

1040 2837 1387 2921 Postquam
1450 2836 1698 2903 litteras
1759 2837 2153 2919 presentibus
2204 2838 2496 2921 alligatas
2539 2836 2963 2919 expedivimus
3006 2836 3185 2903 binas

837 2941 1187 3023 accepimus
1242 2942 1489 3007 litteras
1555 2959 1712 3005 unas
1777 2958 1937 3022 quas
2002 2941 2192 3021 solua,
2260 2941 2494 3005 alteras
2565 2958 2724 3022 quas
2769 2959 2909 3006 cum
2949 2940 3187 3023 collega

832 3045 1132 3111 scribitis:
1197 3045 1280 3109 ad
1322 3045 1438 3109 has
1495 3050 1849 3126 postremas
1903 3044 2076 3110 aliud
2130 3063 2253 3110 non
2308 3044 2839 3125 respondebimus,
2887 3044 3183 3127 quoniam

835 3147 1154 3214 absolutas
1198 3146 1323 3211 iam
1361 3146 1789 3212 existimamus
1832 3165 1969 3212 esse
2011 3146 2379 3213 solenitates
2426 3147 2914 3212 incoronationis
2942 3146 3181 3229 regine:

834 3256 902 3316 et
963 3251 1324 3332 nuptiarum
1387 3249 1552 3315 circa
1614 3267 1772 3329 quas
1835 3268 1945 3314 vos
2006 3247 2207 3314 functi
2274 3249 2449 3314 eritis
2515 3247 2722 3314 officio
2785 3249 3195 3331 prudentium-

832 3356 1153 3418 oratorum
1232 3352 1544 3418 laudando
1602 3352 1970 3417 honorando
2052 3357 2118 3416 et
2186 3352 2703 3433 congratulando.
2791 3352 2895 3417 Ad
2950 3351 3185 3417 alteras

831 3474 979 3521 vero
1023 3473 1180 3537 quas
1222 3456 1392 3521 solus
1433 3454 1707 3520 scribitis
1751 3460 1817 3519 et
1860 3458 2010 3519 sunt
2053 3454 2179 3520 dici
2228 3454 2368 3519 VII.
2414 3454 2645 3519 mensis
2688 3453 2883 3535 elapsi
2927 3471 3184 3534 respon-

831 3558 1051 3623 demus
1096 3558 1164 3621 in
1206 3556 1372 3622 hunc
1412 3556 1666 3622 modum
1713 3556 2092 3639 singularem
2136 3557 2408 3623 sensisse
2449 3557 2725 3622 leticiam
2770 3576 2849 3621 ex
2894 3555 3180 3621 felicibus

830 3678 1040 3725 rerum
1084 3659 1383 3727 Valachie
1425 3659 1830 3739 successibu8‚
1896 3660 2191 3742 quoniam
2242 3658 2507 3725 mirifice
2552 3660 2986 3726 accomodatos
3034 3659 3191 3725 illos·

833 3762 1260 3835 existimamus
1321 3761 1416 3828 rei
1479 3761 1850 3828 christiane:
1918 3764 2029 3829 sed
2089 3768 2239 3829 sunt
2300 3762 2555 3845 negotia
2616 3768 2681 3827 et
2726 3761 3023 3844 impresia
3063 3761 3177 3827 illa

833 3864 1216 3945 sustinenda,
1260 3870 1326 3931 et
1367 3865 1846 3944 corroboranda,
1890 3871 2086 3949 atque
2128 3868 2284 3933 adeo
2329 3865 2765 3949 prosequenda
2792 3871 2857 3930 et
2891 3862 3179 3945 augenda

831 3969 900 4035 in
959 3968 1232 4035 favorem
1287 3968 1566 4035 comunis
1620 3967 1786 4051 boni,
1841 3974 1908 4035 et
1959 3969 2025 4034 in
2068 3969 2269 4034 hostis
2320 3969 2716 4033 incomodum
2772 3967 2939 4048 quod
2977 3966 3177 4049 pluri-

829 4070 1054 4139 fariam
1121 4070 1257 4138 fieri
1318 4077 1559 4154 potest3
1626 4078 1693 4137 et
1740 4090 1867 4138 non
1920 4072 2127 4137 minus
2178 4071 2508 4153 augebitur
2564 4070 2674 4135 ille
2738 4068 2917 4134 favor
2973 4069 3179 4135 altera

829 4176 1137 4259 impresia
1169 4180 1235 4243 et
1276 4175 1667 4258 expeditione
1712 4176 1882 4259 regie
1928 4173 2346 4241 Sublimitatis
2390 4192 2509 4240 con
2518 4179 2620 4238 tra
2666 4172 3067 4265 Smedrevum
3110 4178 3175 4238 et

828 4278 960 4343 alia
1015 4278 1155 4344 loca
1195 4278 1440 4344 '1¹urcho
1485 4278 1812 4361 supposita
1869 4296 2059 4361 quam
2104 4277 2329 4343 virium
2372 4278 2453 4343 ad
2495 4274 2669 4341 illam
2715 4280 2958 4358 partem
3003 4276 3179 4342 addi-

831 4386 1148 4447 tamento:
1205 4380 1293 4446 Et
1349 4384 1682 4463 propterea
1736 4399 1847 4447 vos
1890 4380 2350 4465 aggressionem
2394 4384 2460 4446 et
2506 4378 2959 4460 expeditionem
3002 4383 3179 4443 ante·

831 4484 1066 4551 dictam
1123 4484 1250 4551 iam
1309 4484 1677 4567 dispositam
1731 4488 1797 4549 et
1840 4490 2131 4567 paratam
2173 4488 2246 4549 ut
2288 4481 2586 4563 scribitis,
2650 4481 2964 4548 solicitate
3008 4500 3179 4548 nunc
