<?xml version="1.0" encoding="UTF-8"?>
<!DOCTYPE html PUBLIC "-//W3C//DTD XHTML 1.0 Transitional//EN"
    "http://www.w3.org/TR/xhtml1/DTD/xhtml1-transitional.dtd">
<html xmlns="http://www.w3.org/1999/xhtml" xml:lang="en" lang="en">
 <head>
  <title>
</title>
<meta http-equiv="Content-Type" content="text/html;charset=utf-8" />
  <meta name='ocr-system' content='tesseract 3.04.00' />
  <meta name='ocr-capabilities' content='ocr_page ocr_carea ocr_par ocr_line ocrx_word'/>
</head>
<body>
  <div class='ocr_page' id='page_1' title='image "./fontesrerumpolo00unkngoog_0154.png"; bbox 0 0 3793 5187; ppageno 0'>
   <div class='ocr_carea' id='block_1_1' title="bbox 1723 639 1844 705">
    <p class='ocr_par' dir='ltr' id='par_1_1' title="bbox 1723 639 1844 705">
     <span class='ocr_line' id='line_1_1' title="bbox 1723 639 1844 705; baseline -0.033 1"><span class='ocrx_word' id='word_1_1' title='bbox 1723 639 1844 705; x_wconf 87' lang='grc'><strong>157</strong></span> 
     </span>
    </p>
   </div>
   <div class='ocr_carea' id='block_1_2' title="bbox 1587 726 1997 741">
    <p class='ocr_par' dir='ltr' id='par_1_2' title="bbox 1587 726 1997 741">
     <span class='ocr_line' id='line_1_2' title="bbox 1587 726 1997 741; baseline 0 0"><span class='ocrx_word' id='word_1_2' title='bbox 1587 726 1997 741; x_wconf 95' lang='lat' dir='ltr'><strong> </strong></span> 
     </span>
    </p>
   </div>
   <div class='ocr_carea' id='block_1_3' title="bbox 611 840 2997 2054">
    <p class='ocr_par' dir='ltr' id='par_1_3' title="bbox 611 840 2997 2054">
     <span class='ocr_line' id='line_1_3' title="bbox 617 840 2985 926; baseline -0.001 -18"><span class='ocrx_word' id='word_1_3' title='bbox 617 841 776 926; x_wconf 89' lang='lat' dir='ltr'><strong>ipsis</strong></span> <span class='ocrx_word' id='word_1_4' title='bbox 814 841 1018 908; x_wconf 87' lang='lat' dir='ltr'><strong>literis</strong></span> <span class='ocrx_word' id='word_1_5' title='bbox 1061 840 1298 908; x_wconf 89' lang='lat' dir='ltr'><strong>nostris</strong></span> <span class='ocrx_word' id='word_1_6' title='bbox 1344 844 1411 907; x_wconf 90' lang='lat' dir='ltr'><strong>et</strong></span> <span class='ocrx_word' id='word_1_7' title='bbox 1455 859 1596 908; x_wconf 91' lang='lat' dir='ltr'><strong>cum</strong></span> <span class='ocrx_word' id='word_1_8' title='bbox 1643 841 1845 911; x_wconf 87' lang='lat' dir='ltr'><strong>literis</strong></span> <span class='ocrx_word' id='word_1_9' title='bbox 1915 843 2190 911; x_wconf 86' lang='lat' dir='ltr'><strong>oratoris</strong></span> <span class='ocrx_word' id='word_1_10' title='bbox 2236 842 2496 910; x_wconf 87' lang='lat' dir='ltr'><strong>Scithici</strong></span> <span class='ocrx_word' id='word_1_11' title='bbox 2552 841 2635 908; x_wconf 90' lang='lat' dir='ltr'><strong>ad</strong></span> <span class='ocrx_word' id='word_1_12' title='bbox 2678 841 2985 924; x_wconf 88' lang='lat' dir='ltr'><strong>Impera--</strong></span> 
     </span>
     <span class='ocr_line' id='line_1_4' title="bbox 617 943 2967 1028; baseline -0.001 -17"><span class='ocrx_word' id='word_1_13' title='bbox 617 949 840 1026; x_wconf 86' lang='lat' dir='ltr'><strong>torem,</strong></span> <span class='ocrx_word' id='word_1_14' title='bbox 886 961 1146 1010; x_wconf 89' lang='lat' dir='ltr'><strong>securus</strong></span> <span class='ocrx_word' id='word_1_15' title='bbox 1191 947 1258 1011; x_wconf 90' lang='lat' dir='ltr'><strong>et</strong></span> <span class='ocrx_word' id='word_1_16' title='bbox 1297 943 1628 1010; x_wconf 90' lang='lat' dir='ltr'><strong>incolumis</strong></span> <span class='ocrx_word' id='word_1_17' title='bbox 1669 963 1790 1028; x_wconf 90' lang='lat' dir='ltr'><strong>per</strong></span> <span class='ocrx_word' id='word_1_18' title='bbox 1833 963 2083 1012; x_wconf 91' lang='lat' dir='ltr'><strong>omnem</strong></span> <span class='ocrx_word' id='word_1_19' title='bbox 2126 950 2405 1012; x_wconf 87' lang='lat' dir='ltr'><strong>vestram</strong></span> <span class='ocrx_word' id='word_1_20' title='bbox 2444 945 2749 1010; x_wconf 83' lang='lat' dir='ltr'><strong>ditionem</strong></span> <span class='ocrx_word' id='word_1_21' title='bbox 2791 949 2967 1010; x_wconf 90' lang='lat' dir='ltr'><strong>tran·</strong></span> 
     </span>
     <span class='ocr_line' id='line_1_5' title="bbox 618 1045 2965 1130; baseline -0.001 -18"><span class='ocrx_word' id='word_1_22' title='bbox 618 1047 788 1114; x_wconf 89' lang='lat' dir='ltr'><strong>siens</strong></span> <span class='ocrx_word' id='word_1_23' title='bbox 841 1046 909 1112; x_wconf 93' lang='lat' dir='ltr'><strong>in</strong></span> <span class='ocrx_word' id='word_1_24' title='bbox 972 1045 1287 1112; x_wconf 88' lang='lat' dir='ltr'><strong>Urbinum</strong></span> <span class='ocrx_word' id='word_1_25' title='bbox 1328 1046 1453 1114; x_wconf 88' lang='lat' dir='ltr'><strong>cito</strong></span> <span class='ocrx_word' id='word_1_26' title='bbox 1496 1048 1852 1130; x_wconf 87' lang='lat' dir='ltr'><strong>perveniat,</strong></span> <span class='ocrx_word' id='word_1_27' title='bbox 1923 1048 2033 1114; x_wconf 87' lang='lat' dir='ltr'><strong>ubi</strong></span> <span class='ocrx_word' id='word_1_28' title='bbox 2078 1049 2334 1115; x_wconf 88' lang='lat' dir='ltr'><strong>nuntios</strong></span> <span class='ocrx_word' id='word_1_29' title='bbox 2400 1066 2543 1114; x_wconf 90' lang='lat' dir='ltr'><strong>esse</strong></span> <span class='ocrx_word' id='word_1_30' title='bbox 2608 1046 2965 1113; x_wconf 80' lang='lat' dir='ltr'><strong>audivimus</strong></span> 
     </span>
     <span class='ocr_line' id='line_1_6' title="bbox 618 1146 2977 1232; baseline -0.001 -17"><span class='ocrx_word' id='word_1_31' title='bbox 618 1147 897 1216; x_wconf 90' lang='lat' dir='ltr'><strong>eiusdem</strong></span> <span class='ocrx_word' id='word_1_32' title='bbox 939 1147 1356 1230; x_wconf 87' lang='lat' dir='ltr'><strong>Imperatoris</strong></span> <span class='ocrx_word' id='word_1_33' title='bbox 1397 1148 1825 1231; x_wconf 79' lang='lat' dir='ltr'><strong>prestolantes</strong></span> <span class='ocrx_word' id='word_1_34' title='bbox 1849 1148 2073 1216; x_wconf 78' lang='lat' dir='ltr'><strong>literas</strong></span> <span class='ocrx_word' id='word_1_35' title='bbox 2104 1150 2308 1232; x_wconf 83' lang='lat' dir='ltr'><strong>ipsas3</strong></span> <span class='ocrx_word' id='word_1_36' title='bbox 2356 1149 2587 1230; x_wconf 81' lang='lat' dir='ltr'><strong>quibus</strong></span> <span class='ocrx_word' id='word_1_37' title='bbox 2619 1146 2701 1215; x_wconf 90' lang='lat' dir='ltr'><strong>de</strong></span> <span class='ocrx_word' id='word_1_38' title='bbox 2737 1151 2977 1214; x_wconf 70' lang='lat' dir='ltr'><strong>nostra«</strong></span> 
     </span>
     <span class='ocr_line' id='line_1_7' title="bbox 615 1250 2979 1335; baseline -0.001 -18"><span class='ocrx_word' id='word_1_39' title='bbox 615 1252 942 1320; x_wconf 78' lang='lat' dir='ltr'><strong>voluntate</strong></span> <span class='ocrx_word' id='word_1_40' title='bbox 985 1257 1054 1318; x_wconf 91' lang='lat' dir='ltr'><strong>et</strong></span> <span class='ocrx_word' id='word_1_41' title='bbox 1095 1269 1311 1318; x_wconf 85' lang='lat' dir='ltr'><strong>rerum</strong></span> <span class='ocrx_word' id='word_1_42' title='bbox 1355 1252 1819 1319; x_wconf 88' lang='lat' dir='ltr'><strong>conditionibus</strong></span> <span class='ocrx_word' id='word_1_43' title='bbox 1879 1253 2243 1335; x_wconf 80' lang='lat' dir='ltr'><strong>Imperator</strong></span> <span class='ocrx_word' id='word_1_44' title='bbox 2312 1252 2551 1319; x_wconf 88' lang='lat' dir='ltr'><strong>certior</strong></span> <span class='ocrx_word' id='word_1_45' title='bbox 2592 1250 2798 1317; x_wconf 89' lang='lat' dir='ltr'><strong>factus</strong></span> <span class='ocrx_word' id='word_1_46' title='bbox 2842 1268 2979 1333; x_wconf 88' lang='lat' dir='ltr'><strong>pa·-</strong></span> 
     </span>
     <span class='ocr_line' id='line_1_8' title="bbox 615 1351 2966 1438; baseline -0.001 -16"><span class='ocrx_word' id='word_1_47' title='bbox 615 1373 758 1422; x_wconf 89' lang='lat' dir='ltr'><strong>rare</strong></span> <span class='ocrx_word' id='word_1_48' title='bbox 797 1372 870 1420; x_wconf 90' lang='lat' dir='ltr'><strong>se</strong></span> <span class='ocrx_word' id='word_1_49' title='bbox 913 1353 1000 1421; x_wconf 88' lang='lat' dir='ltr'><strong>ad</strong></span> <span class='ocrx_word' id='word_1_50' title='bbox 1039 1353 1533 1436; x_wconf 79' lang='lat' dir='ltr'><strong>descensumque</strong></span> <span class='ocrx_word' id='word_1_51' title='bbox 1575 1353 1850 1422; x_wconf 76' lang='lat' dir='ltr'><strong>Danubii</strong></span> <span class='ocrx_word' id='word_1_52' title='bbox 1895 1355 2126 1422; x_wconf 84' lang='lat' dir='ltr'><strong>valeat.</strong></span> <span class='ocrx_word' id='word_1_53' title='bbox 2216 1355 2305 1422; x_wconf 91' lang='lat' dir='ltr'><strong>Et</strong></span> <span class='ocrx_word' id='word_1_54' title='bbox 2364 1373 2480 1438; x_wconf 89' lang='lat' dir='ltr'><strong>per</strong></span> <span class='ocrx_word' id='word_1_55' title='bbox 2539 1371 2784 1420; x_wconf 90' lang='lat' dir='ltr'><strong>moram</strong></span> <span class='ocrx_word' id='word_1_56' title='bbox 2828 1351 2966 1420; x_wconf 86' lang='lat' dir='ltr'><strong>sive</strong></span> 
     </span>
     <span class='ocr_line' id='line_1_9' title="bbox 616 1455 2997 1538; baseline 0 -16"><span class='ocrx_word' id='word_1_57' title='bbox 616 1457 876 1538; x_wconf 87' lang='lat' dir='ltr'><strong>aliquod</strong></span> <span class='ocrx_word' id='word_1_58' title='bbox 917 1455 1219 1522; x_wconf 88' lang='lat' dir='ltr'><strong>iniectum</strong></span> <span class='ocrx_word' id='word_1_59' title='bbox 1263 1455 1707 1523; x_wconf 83' lang='lat' dir='ltr'><strong>offendiculum</strong></span> <span class='ocrx_word' id='word_1_60' title='bbox 1749 1474 2005 1524; x_wconf 88' lang='lat' dir='ltr'><strong>causam</strong></span> <span class='ocrx_word' id='word_1_61' title='bbox 2044 1475 2171 1523; x_wconf 91' lang='lat' dir='ltr'><strong>non</strong></span> <span class='ocrx_word' id='word_1_62' title='bbox 2202 1456 2436 1524; x_wconf 88' lang='lat' dir='ltr'><strong>habeat</strong></span> <span class='ocrx_word' id='word_1_63' title='bbox 2476 1455 2805 1522; x_wconf 87' lang='lat' dir='ltr'><strong>avertendi</strong></span> <span class='ocrx_word' id='word_1_64' title='bbox 2830 1455 2997 1522; x_wconf 89' lang='lat' dir='ltr'><strong>ani--</strong></span> 
     </span>
     <span class='ocr_line' id='line_1_10' title="bbox 615 1556 2989 1643; baseline 0 -20"><span class='ocrx_word' id='word_1_65' title='bbox 615 1577 786 1624; x_wconf 89' lang='lat' dir='ltr'><strong>mum</strong></span> <span class='ocrx_word' id='word_1_66' title='bbox 831 1577 1016 1624; x_wconf 89' lang='lat' dir='ltr'><strong>suum</strong></span> <span class='ocrx_word' id='word_1_67' title='bbox 1060 1557 1142 1623; x_wconf 87' lang='lat' dir='ltr'><strong>ad</strong></span> <span class='ocrx_word' id='word_1_68' title='bbox 1185 1556 1360 1624; x_wconf 88' lang='lat' dir='ltr'><strong>aliud</strong></span> <span class='ocrx_word' id='word_1_69' title='bbox 1407 1559 1692 1642; x_wconf 89' lang='lat' dir='ltr'><strong>capiendi</strong></span> <span class='ocrx_word' id='word_1_70' title='bbox 1723 1558 2049 1626; x_wconf 87' lang='lat' dir='ltr'><strong>consilium</strong></span> <span class='ocrx_word' id='word_1_71' title='bbox 2073 1560 2348 1626; x_wconf 87' lang='lat' dir='ltr'><strong>alienum</strong></span> <span class='ocrx_word' id='word_1_72' title='bbox 2376 1578 2417 1626; x_wconf 95' lang='lat' dir='ltr'><strong>a</strong></span> <span class='ocrx_word' id='word_1_73' title='bbox 2439 1559 2720 1643; x_wconf 85' lang='lat' dir='ltr'><strong>presenti</strong></span> <span class='ocrx_word' id='word_1_74' title='bbox 2749 1575 2989 1624; x_wconf 87' lang='lat' dir='ltr'><strong>neces--</strong></span> 
     </span>
     <span class='ocr_line' id='line_1_11' title="bbox 615 1660 2965 1745; baseline -0.001 -17"><span class='ocrx_word' id='word_1_75' title='bbox 615 1662 808 1728; x_wconf 91' lang='lat' dir='ltr'><strong>sitate</strong></span> <span class='ocrx_word' id='word_1_76' title='bbox 843 1679 1088 1740; x_wconf 90' lang='lat' dir='ltr'><strong>rerum;</strong></span> <span class='ocrx_word' id='word_1_77' title='bbox 1133 1660 1254 1728; x_wconf 85' lang='lat' dir='ltr'><strong>hac</strong></span> <span class='ocrx_word' id='word_1_78' title='bbox 1289 1666 1505 1727; x_wconf 88' lang='lat' dir='ltr'><strong>antem</strong></span> <span class='ocrx_word' id='word_1_79' title='bbox 1547 1679 1620 1727; x_wconf 90' lang='lat' dir='ltr'><strong>re</strong></span> <span class='ocrx_word' id='word_1_80' title='bbox 1657 1661 1896 1728; x_wconf 89' lang='lat' dir='ltr'><strong>nullam</strong></span> <span class='ocrx_word' id='word_1_81' title='bbox 1939 1664 2061 1730; x_wconf 89' lang='lat' dir='ltr'><strong>hac</strong></span> <span class='ocrx_word' id='word_1_82' title='bbox 2104 1666 2489 1745; x_wconf 80' lang='lat' dir='ltr'><strong>tempestate</strong></span> <span class='ocrx_word' id='word_1_83' title='bbox 2510 1661 2693 1728; x_wconf 89' lang='lat' dir='ltr'><strong>nobis</strong></span> <span class='ocrx_word' id='word_1_84' title='bbox 2722 1661 2965 1744; x_wconf 89' lang='lat' dir='ltr'><strong>gratio·</strong></span> 
     </span>
     <span class='ocr_line' id='line_1_12' title="bbox 611 1763 2963 1847; baseline -0.001 -16"><span class='ocrx_word' id='word_1_85' title='bbox 611 1783 749 1831; x_wconf 89' lang='lat' dir='ltr'><strong>rem</strong></span> <span class='ocrx_word' id='word_1_86' title='bbox 815 1769 882 1831; x_wconf 91' lang='lat' dir='ltr'><strong>et</strong></span> <span class='ocrx_word' id='word_1_87' title='bbox 922 1763 1114 1830; x_wconf 89' lang='lat' dir='ltr'><strong>rebus</strong></span> <span class='ocrx_word' id='word_1_88' title='bbox 1179 1763 1496 1830; x_wconf 83' lang='lat' dir='ltr'><strong>cristianis</strong></span> <span class='ocrx_word' id='word_1_89' title='bbox 1563 1764 1859 1847; x_wconf 90' lang='lat' dir='ltr'><strong>opinione</strong></span> <span class='ocrx_word' id='word_1_90' title='bbox 1926 1772 2151 1832; x_wconf 90' lang='lat' dir='ltr'><strong>nostra</strong></span> <span class='ocrx_word' id='word_1_91' title='bbox 2220 1764 2712 1832; x_wconf 86' lang='lat' dir='ltr'><strong>commodiorem</strong></span> <span class='ocrx_word' id='word_1_92' title='bbox 2781 1764 2963 1846; x_wconf 88' lang='lat' dir='ltr'><strong>regia</strong></span> 
     </span>
     <span class='ocr_line' id='line_1_13' title="bbox 614 1865 2961 1953; baseline -0.002 -19"><span class='ocrx_word' id='word_1_93' title='bbox 614 1871 833 1934; x_wconf 87' lang='lat' dir='ltr'><strong>vestra</strong></span> <span class='ocrx_word' id='word_1_94' title='bbox 873 1865 1242 1933; x_wconf 76' lang='lat' dir='ltr'><strong>Sublimitas</strong></span> <span class='ocrx_word' id='word_1_95' title='bbox 1288 1867 1502 1932; x_wconf 81' lang='lat' dir='ltr'><strong>facere</strong></span> <span class='ocrx_word' id='word_1_96' title='bbox 1539 1872 1786 1950; x_wconf 90' lang='lat' dir='ltr'><strong>posset:</strong></span> <span class='ocrx_word' id='word_1_97' title='bbox 1832 1885 2024 1950; x_wconf 88' lang='lat' dir='ltr'><strong>quam</strong></span> <span class='ocrx_word' id='word_1_98' title='bbox 2065 1885 2396 1953; x_wconf 76' lang='lat' dir='ltr'><strong>precamur</strong></span> <span class='ocrx_word' id='word_1_99' title='bbox 2432 1867 2511 1935; x_wconf 91' lang='lat' dir='ltr'><strong>de</strong></span> <span class='ocrx_word' id='word_1_100' title='bbox 2548 1866 2815 1934; x_wconf 89' lang='lat' dir='ltr'><strong>istarum</strong></span> <span class='ocrx_word' id='word_1_101' title='bbox 2858 1883 2961 1930; x_wconf 90' lang='lat' dir='ltr'><strong>re-</strong></span> 
     </span>
     <span class='ocr_line' id='line_1_14' title="bbox 613 1967 2975 2054; baseline -0.002 -18"><span class='ocrx_word' id='word_1_102' title='bbox 613 1971 906 2053; x_wconf 85' lang='lat' dir='ltr'><strong>ceptione</strong></span> <span class='ocrx_word' id='word_1_103' title='bbox 951 1969 1156 2051; x_wconf 89' lang='lat' dir='ltr'><strong>deque</strong></span> <span class='ocrx_word' id='word_1_104' title='bbox 1219 1973 1360 2035; x_wconf 90' lang='lat' dir='ltr'><strong>tuto</strong></span> <span class='ocrx_word' id='word_1_105' title='bbox 1413 1971 1650 2036; x_wconf 86' lang='lat' dir='ltr'><strong>itinere</strong></span> <span class='ocrx_word' id='word_1_106' title='bbox 1719 1975 1786 2036; x_wconf 90' lang='lat' dir='ltr'><strong>et</strong></span> <span class='ocrx_word' id='word_1_107' title='bbox 1858 1972 2133 2054; x_wconf 89' lang='lat' dir='ltr'><strong>appulsu</strong></span> <span class='ocrx_word' id='word_1_108' title='bbox 2203 1970 2521 2038; x_wconf 80' lang='lat' dir='ltr'><strong>tabellarii</strong></span> <span class='ocrx_word' id='word_1_109' title='bbox 2584 1988 2703 2037; x_wconf 92' lang='lat' dir='ltr'><strong>nos</strong></span> <span class='ocrx_word' id='word_1_110' title='bbox 2768 1967 2975 2035; x_wconf 88' lang='lat' dir='ltr'><strong>faciat·</strong></span> 
     </span>
    </p>
   </div>
   <div class='ocr_carea' id='block_1_4' title="bbox 612 2072 1950 2242">
    <p class='ocr_par' dir='ltr' id='par_1_4' title="bbox 612 2072 1950 2242">
     <span class='ocr_line' id='line_1_15' title="bbox 612 2072 1361 2139; baseline -0.001 0"><span class='ocrx_word' id='word_1_111' title='bbox 612 2073 745 2139; x_wconf 87' lang='lat' dir='ltr'><strong>suis</strong></span> <span class='ocrx_word' id='word_1_112' title='bbox 786 2072 995 2139; x_wconf 89' lang='lat' dir='ltr'><strong>literis</strong></span> <span class='ocrx_word' id='word_1_113' title='bbox 1038 2073 1361 2139; x_wconf 86' lang='lat' dir='ltr'><strong>certiores.</strong></span> 
     </span>
     <span class='ocr_line' id='line_1_16' title="bbox 815 2173 1950 2242; baseline 0.003 -3"><span class='ocrx_word' id='word_1_114' title='bbox 815 2175 1056 2242; x_wconf 91' lang='lat' dir='ltr'><strong>Datum</strong></span> <span class='ocrx_word' id='word_1_115' title='bbox 1099 2173 1205 2240; x_wconf 87' lang='lat' dir='ltr'><strong>die</strong></span> <span class='ocrx_word' id='word_1_116' title='bbox 1245 2173 1518 2240; x_wconf 90' lang='lat' dir='ltr'>XVIIII.</span> <span class='ocrx_word' id='word_1_117' title='bbox 1563 2173 1720 2240; x_wconf 84' lang='lat' dir='ltr'><strong>Maii</strong></span> <span class='ocrx_word' id='word_1_118' title='bbox 1759 2177 1950 2242; x_wconf 81' lang='lat'>1476.</span> 
     </span>
    </p>
   </div>
   <div class='ocr_carea' id='block_1_5' title="bbox 683 2306 2179 2465">
    <p class='ocr_par' dir='ltr' id='par_1_5' title="bbox 683 2306 2179 2465">
     <span class='ocr_line' id='line_1_17' title="bbox 919 2306 1857 2380; baseline 0.001 -18"><span class='ocrx_word' id='word_1_119' title='bbox 919 2306 1181 2380; x_wconf 62' lang='lat' dir='ltr'><strong>(Ambivio</strong></span> <span class='ocrx_word' id='word_1_120' title='bbox 1216 2309 1274 2364; x_wconf 73' lang='lat' dir='ltr'><strong>da·</strong></span> <span class='ocrx_word' id='word_1_121' title='bbox 1305 2309 1459 2364; x_wconf 75' lang='lat' dir='ltr'><strong>Stato</strong></span> <span class='ocrx_word' id='word_1_122' title='bbox 1494 2311 1548 2364; x_wconf 78' lang='lat' dir='ltr'><strong>in</strong></span> <span class='ocrx_word' id='word_1_123' title='bbox 1597 2309 1857 2380; x_wconf 76' lang='lat' dir='ltr'><strong>Venezt‘a).</strong></span> 
     </span>
     <span class='ocr_line' id='line_1_18' title="bbox 683 2393 2179 2465; baseline 0 -15"><span class='ocrx_word' id='word_1_124' title='bbox 683 2393 1115 2451; x_wconf 77' lang='lat' dir='ltr'><strong>Deliberazioni</strong></span> <span class='ocrx_word' id='word_1_125' title='bbox 1154 2394 1371 2451; x_wconf 85' lang='lat' dir='ltr'><strong>Senato</strong></span> <span class='ocrx_word' id='word_1_126' title='bbox 1408 2393 1648 2462; x_wconf 77' lang='lat' dir='ltr'><strong>Sacrati,</strong></span> <span class='ocrx_word' id='word_1_127' title='bbox 1685 2411 1799 2465; x_wconf 84' lang='lat' dir='ltr'><strong>reg.</strong></span> <span class='ocrx_word' id='word_1_128' title='bbox 1840 2395 1908 2449; x_wconf 75' lang='lat'><strong>27</strong></span> <span class='ocrx_word' id='word_1_129' title='bbox 1950 2411 2000 2450; x_wconf 88' lang='lat' dir='ltr'><strong>c.</strong></span> <span class='ocrx_word' id='word_1_130' title='bbox 2036 2395 2104 2451; x_wconf 77' lang='lat'><strong>70</strong></span> <span class='ocrx_word' id='word_1_131' title='bbox 2138 2395 2179 2450; x_wconf 84' lang='lat' dir='ltr'><strong>f.</strong></span> 
     </span>
    </p>
   </div>
   <div class='ocr_carea' id='block_1_6' title="bbox 1529 2567 2043 2584">
    <p class='ocr_par' dir='ltr' id='par_1_6' title="bbox 1529 2567 2043 2584">
     <span class='ocr_line' id='line_1_19' title="bbox 1529 2567 2043 2584; baseline 0 2603"><span class='ocrx_word' id='word_1_132' title='bbox 1529 2567 2043 2584; x_wconf 95' lang='lat' dir='ltr'><strong> </strong></span> 
     </span>
    </p>
   </div>
   <div class='ocr_carea' id='block_1_7' title="bbox 698 2754 2867 2995">
    <p class='ocr_par' dir='ltr' id='par_1_7' title="bbox 698 2754 2867 2995">
     <span class='ocr_line' id='line_1_20' title="bbox 1623 2754 1923 2831; baseline 0 0"><span class='ocrx_word' id='word_1_133' title='bbox 1623 2754 1923 2831; x_wconf 79' lang='lat' dir='ltr'>LXIX.</span> 
     </span>
     <span class='ocr_line' id='line_1_21' title="bbox 698 2908 2867 2995; baseline -0.002 -18"><span class='ocrx_word' id='word_1_134' title='bbox 698 2909 1176 2979; x_wconf 67' lang='lat' dir='ltr'><strong>mcccctxxvn.</strong></span> <span class='ocrx_word' id='word_1_135' title='bbox 1221 2910 1317 2977; x_wconf 85' lang='lat' dir='ltr'><strong>die</strong></span> <span class='ocrx_word' id='word_1_136' title='bbox 1361 2910 1546 2995; x_wconf 81' lang='lat' dir='ltr'><strong>primo</strong></span> <span class='ocrx_word' id='word_1_137' title='bbox 1589 2911 1844 2978; x_wconf 75' lang='lat' dir='ltr'><strong>ianuarii</strong></span> <span class='ocrx_word' id='word_1_138' title='bbox 1891 2908 2381 2988; x_wconf 67' lang='lat' dir='ltr'><strong>(meconi-xxvi.</strong></span> <span class='ocrx_word' id='word_1_139' title='bbox 2414 2925 2579 2977; x_wconf 83' lang='lat' dir='ltr'><strong>more</strong></span> <span class='ocrx_word' id='word_1_140' title='bbox 2603 2909 2867 2991; x_wconf 80' lang='lat' dir='ltr'><strong>veneto).</strong></span> 
     </span>
    </p>
   </div>
   <div class='ocr_carea' id='block_1_8' title="bbox 653 3078 2944 3265">
    <p class='ocr_par' dir='ltr' id='par_1_8' title="bbox 653 3078 2944 3265">
     <span class='ocr_line' id='line_1_22' title="bbox 653 3078 2944 3163; baseline -0.001 -18"><span class='ocrx_word' id='word_1_141' title='bbox 653 3080 990 3163; x_wconf 88' lang='lat' dir='ltr'><strong>Expositio</strong></span> <span class='ocrx_word' id='word_1_142' title='bbox 1037 3079 1418 3163; x_wconf 81' lang='lat' dir='ltr'><strong>Spectabilis</strong></span> <span class='ocrx_word' id='word_1_143' title='bbox 1461 3079 1803 3147; x_wconf 87' lang='lat' dir='ltr'><strong>Calimachi</strong></span> <span class='ocrx_word' id='word_1_144' title='bbox 1851 3078 2143 3145; x_wconf 89' lang='lat' dir='ltr'><strong>Oratoris</strong></span> <span class='ocrx_word' id='word_1_145' title='bbox 2214 3078 2617 3145; x_wconf 89' lang='lat' dir='ltr'><strong>Serenissimi</strong></span> <span class='ocrx_word' id='word_1_146' title='bbox 2658 3078 2944 3146; x_wconf 75' lang='lat' dir='ltr'><strong>Domini·-</strong></span> 
     </span>
     <span class='ocr_line' id='line_1_23' title="bbox 941 3180 2616 3265; baseline -0.001 -17"><span class='ocrx_word' id='word_1_147' title='bbox 941 3182 1133 3265; x_wconf 81' lang='lat' dir='ltr'><strong>Regis</strong></span> <span class='ocrx_word' id='word_1_148' title='bbox 1176 3180 1443 3248; x_wconf 90' lang='lat' dir='ltr'><strong>Polonie</strong></span> <span class='ocrx_word' id='word_1_149' title='bbox 1486 3180 1608 3248; x_wconf 86' lang='lat' dir='ltr'><strong>fuit</strong></span> <span class='ocrx_word' id='word_1_150' title='bbox 1647 3182 1714 3247; x_wconf 93' lang='lat' dir='ltr'><strong>in</strong></span> <span class='ocrx_word' id='word_1_151' title='bbox 1757 3182 1923 3247; x_wconf 89' lang='lat' dir='ltr'><strong>hunc</strong></span> <span class='ocrx_word' id='word_1_152' title='bbox 1962 3180 2260 3249; x_wconf 85' lang='lat' dir='ltr'><strong>effectum</strong></span> <span class='ocrx_word' id='word_1_153' title='bbox 2303 3181 2616 3247; x_wconf 87' lang='lat' dir='ltr'><strong>videlicet.</strong></span> 
     </span>
    </p>
   </div>
   <div class='ocr_carea' id='block_1_9' title="bbox 601 3300 2993 4612">
    <p class='ocr_par' dir='ltr' id='par_1_9' title="bbox 601 3300 2993 4612">
     <span class='ocr_line' id='line_1_24' title="bbox 781 3300 2989 3384; baseline -0 -18"><span class='ocrx_word' id='word_1_154' title='bbox 781 3300 1048 3383; x_wconf 83' lang='lat' dir='ltr'><strong>Regiam</strong></span> <span class='ocrx_word' id='word_1_155' title='bbox 1077 3302 1319 3369; x_wconf 89' lang='lat' dir='ltr'><strong>scilicet</strong></span> <span class='ocrx_word' id='word_1_156' title='bbox 1347 3301 1751 3368; x_wconf 85' lang='lat' dir='ltr'><strong>Maiestatem</strong></span> <span class='ocrx_word' id='word_1_157' title='bbox 1785 3306 2289 3384; x_wconf 87' lang='lat' dir='ltr'><strong>cognoscentem,</strong></span> <span class='ocrx_word' id='word_1_158' title='bbox 2325 3318 2451 3381; x_wconf 90' lang='lat' dir='ltr'><strong>quo</strong></span> <span class='ocrx_word' id='word_1_159' title='bbox 2478 3300 2690 3368; x_wconf 90' lang='lat' dir='ltr'><strong>studio</strong></span> <span class='ocrx_word' id='word_1_160' title='bbox 2720 3305 2785 3367; x_wconf 89' lang='lat' dir='ltr'><strong>et</strong></span> <span class='ocrx_word' id='word_1_161' title='bbox 2814 3300 2955 3365; x_wconf 84' lang='lat' dir='ltr'><strong>dili·</strong></span> <span class='ocrx_word' id='word_1_162' title='bbox 2970 3340 2989 3347; x_wconf 81' lang='lat'>-</span> 
     </span>
     <span class='ocr_line' id='line_1_25' title="bbox 611 3400 2991 3485; baseline -0 -16"><span class='ocrx_word' id='word_1_163' title='bbox 611 3404 830 3485; x_wconf 89' lang='lat' dir='ltr'><strong>gentia</strong></span> <span class='ocrx_word' id='word_1_164' title='bbox 853 3402 1289 3470; x_wconf 87' lang='lat' dir='ltr'><strong>Illustrissima</strong></span> <span class='ocrx_word' id='word_1_165' title='bbox 1307 3403 1654 3469; x_wconf 88' lang='lat' dir='ltr'><strong>dominatio</strong></span> <span class='ocrx_word' id='word_1_166' title='bbox 1698 3404 1932 3471; x_wconf 90' lang='lat' dir='ltr'><strong>bellum</strong></span> <span class='ocrx_word' id='word_1_167' title='bbox 1953 3404 2141 3470; x_wconf 89' lang='lat' dir='ltr'><strong>Turci</strong></span> <span class='ocrx_word' id='word_1_168' title='bbox 2185 3404 2454 3469; x_wconf 87' lang='lat' dir='ltr'><strong>sustinet</strong></span> <span class='ocrx_word' id='word_1_169' title='bbox 2478 3420 2674 3485; x_wconf 88' lang='lat' dir='ltr'><strong>grave</strong></span> <span class='ocrx_word' id='word_1_170' title='bbox 2700 3400 2955 3469; x_wconf 86' lang='lat' dir='ltr'><strong>difficile</strong></span> <span class='ocrx_word' id='word_1_171' title='bbox 2976 3434 2991 3443; x_wconf 91' lang='lat'><em>-</em></span> 
     </span>
     <span class='ocr_line' id='line_1_26' title="bbox 611 3504 2975 3588; baseline -0.002 -15"><span class='ocrx_word' id='word_1_172' title='bbox 611 3506 854 3573; x_wconf 89' lang='lat' dir='ltr'><strong>cunctis</strong></span> <span class='ocrx_word' id='word_1_173' title='bbox 874 3505 1248 3572; x_wconf 88' lang='lat' dir='ltr'><strong>Christianis</strong></span> <span class='ocrx_word' id='word_1_174' title='bbox 1285 3505 1699 3588; x_wconf 80' lang='lat' dir='ltr'><strong>principibuS,</strong></span> <span class='ocrx_word' id='word_1_175' title='bbox 1725 3524 1853 3572; x_wconf 92' lang='lat' dir='ltr'><strong>non</strong></span> <span class='ocrx_word' id='word_1_176' title='bbox 1879 3507 2085 3572; x_wconf 90' lang='lat' dir='ltr'><strong>solum</strong></span> <span class='ocrx_word' id='word_1_177' title='bbox 2116 3504 2661 3571; x_wconf 86' lang='lat' dir='ltr'><strong>commendatione</strong></span> <span class='ocrx_word' id='word_1_178' title='bbox 2699 3504 2975 3587; x_wconf 88' lang='lat' dir='ltr'><strong>dignam·</strong></span> 
     </span>
     <span class='ocr_line' id='line_1_27' title="bbox 608 3606 2983 3690; baseline -0.001 -17"><span class='ocrx_word' id='word_1_179' title='bbox 608 3607 915 3675; x_wconf 82' lang='lat' dir='ltr'><strong>iudicavit</strong></span> <span class='ocrx_word' id='word_1_180' title='bbox 950 3608 1266 3690; x_wconf 82' lang='lat' dir='ltr'><strong>pietatem·</strong></span> <span class='ocrx_word' id='word_1_181' title='bbox 1293 3612 1360 3674; x_wconf 92' lang='lat' dir='ltr'><strong>et</strong></span> <span class='ocrx_word' id='word_1_182' title='bbox 1386 3607 1758 3690; x_wconf 85' lang='lat' dir='ltr'><strong>religionem</strong></span> <span class='ocrx_word' id='word_1_183' title='bbox 1783 3608 2060 3689; x_wconf 89' lang='lat' dir='ltr'><strong>dominii,</strong></span> <span class='ocrx_word' id='word_1_184' title='bbox 2087 3626 2311 3673; x_wconf 87' lang='lat' dir='ltr'><strong>verum</strong></span> <span class='ocrx_word' id='word_1_185' title='bbox 2342 3606 2537 3673; x_wconf 89' lang='lat' dir='ltr'><strong>etiam</strong></span> <span class='ocrx_word' id='word_1_186' title='bbox 2567 3624 2681 3689; x_wconf 90' lang='lat' dir='ltr'><strong>per</strong></span> <span class='ocrx_word' id='word_1_187' title='bbox 2703 3624 2983 3672; x_wconf 63' lang='lat' dir='ltr'><strong>omnem«</strong></span> 
     </span>
     <span class='ocr_line' id='line_1_28' title="bbox 609 3708 2965 3793; baseline -0.002 -16"><span class='ocrx_word' id='word_1_188' title='bbox 609 3710 888 3778; x_wconf 88' lang='lat' dir='ltr'><strong>oblatam</strong></span> <span class='ocrx_word' id='word_1_189' title='bbox 933 3711 1326 3777; x_wconf 84' lang='lat' dir='ltr'><strong>occasionem</strong></span> <span class='ocrx_word' id='word_1_190' title='bbox 1368 3729 1628 3793; x_wconf 88' lang='lat' dir='ltr'><strong>operam</strong></span> <span class='ocrx_word' id='word_1_191' title='bbox 1669 3712 1848 3779; x_wconf 89' lang='lat' dir='ltr'><strong>dedit</strong></span> <span class='ocrx_word' id='word_1_192' title='bbox 1889 3716 1957 3778; x_wconf 90' lang='lat' dir='ltr'><strong>et</strong></span> <span class='ocrx_word' id='word_1_193' title='bbox 2000 3714 2307 3793; x_wconf 91' lang='lat' dir='ltr'><strong>quantum</strong></span> <span class='ocrx_word' id='word_1_194' title='bbox 2350 3710 2419 3776; x_wconf 93' lang='lat' dir='ltr'><strong>in</strong></span> <span class='ocrx_word' id='word_1_195' title='bbox 2462 3728 2533 3776; x_wconf 90' lang='lat' dir='ltr'><strong>se</strong></span> <span class='ocrx_word' id='word_1_196' title='bbox 2574 3709 2696 3776; x_wconf 81' lang='lat' dir='ltr'><strong>fuit</strong></span> <span class='ocrx_word' id='word_1_197' title='bbox 2724 3708 2965 3791; x_wconf 64' lang='lat' dir='ltr'><strong>effecit,</strong></span> 
     </span>
     <span class='ocr_line' id='line_1_29' title="bbox 606 3813 2953 3896; baseline -0 -17"><span class='ocrx_word' id='word_1_198' title='bbox 606 3819 680 3879; x_wconf 89' lang='lat' dir='ltr'><strong>ut</strong></span> <span class='ocrx_word' id='word_1_199' title='bbox 723 3813 1005 3896; x_wconf 83' lang='lat' dir='ltr'><strong>cogitata</strong></span> <span class='ocrx_word' id='word_1_200' title='bbox 1046 3819 1111 3880; x_wconf 89' lang='lat' dir='ltr'><strong>et</strong></span> <span class='ocrx_word' id='word_1_201' title='bbox 1150 3814 1412 3881; x_wconf 85' lang='lat' dir='ltr'><strong>consilia</strong></span> <span class='ocrx_word' id='word_1_202' title='bbox 1454 3813 1714 3880; x_wconf 90' lang='lat' dir='ltr'><strong>dominii</strong></span> <span class='ocrx_word' id='word_1_203' title='bbox 1775 3814 1988 3881; x_wconf 91' lang='lat' dir='ltr'><strong>locum</strong></span> <span class='ocrx_word' id='word_1_204' title='bbox 2054 3813 2371 3881; x_wconf 88' lang='lat' dir='ltr'><strong>haberent</strong></span> <span class='ocrx_word' id='word_1_205' title='bbox 2414 3814 2607 3879; x_wconf 90' lang='lat' dir='ltr'><strong>etiam</strong></span> <span class='ocrx_word' id='word_1_206' title='bbox 2653 3832 2795 3879; x_wconf 93' lang='lat' dir='ltr'><strong>cum</strong></span> <span class='ocrx_word' id='word_1_207' title='bbox 2833 3813 2953 3879; x_wconf 89' lang='lat' dir='ltr'><strong>ali-</strong></span> 
     </span>
     <span class='ocr_line' id='line_1_30' title="bbox 611 3915 2987 4000; baseline 0 -20"><span class='ocrx_word' id='word_1_208' title='bbox 611 3933 736 3996; x_wconf 92' lang='lat' dir='ltr'><strong>quo</strong></span> <span class='ocrx_word' id='word_1_209' title='bbox 799 3916 1082 3998; x_wconf 90' lang='lat' dir='ltr'><strong>periculo</strong></span> <span class='ocrx_word' id='word_1_210' title='bbox 1148 3922 1213 3983; x_wconf 92' lang='lat' dir='ltr'><strong>et</strong></span> <span class='ocrx_word' id='word_1_211' title='bbox 1265 3916 1742 3998; x_wconf 88' lang='lat' dir='ltr'><strong>perturbatione</strong></span> <span class='ocrx_word' id='word_1_212' title='bbox 1809 3921 2017 3983; x_wconf 90' lang='lat' dir='ltr'><strong>status</strong></span> <span class='ocrx_word' id='word_1_213' title='bbox 2085 3916 2243 4000; x_wconf 90' lang='lat' dir='ltr'><strong>regii</strong></span> <span class='ocrx_word' id='word_1_214' title='bbox 2315 3916 2431 3982; x_wconf 89' lang='lat' dir='ltr'><strong>sui.</strong></span> <span class='ocrx_word' id='word_1_215' title='bbox 2519 3915 2727 3999; x_wconf 90' lang='lat' dir='ltr'><strong>Digna</strong></span> <span class='ocrx_word' id='word_1_216' title='bbox 2787 3917 2987 3982; x_wconf 49' lang='lat' dir='ltr'><strong>enim*</strong></span> 
     </span>
     <span class='ocr_line' id='line_1_31' title="bbox 605 4018 2949 4101; baseline 0 -18"><span class='ocrx_word' id='word_1_217' title='bbox 605 4036 708 4084; x_wconf 87' lang='lat' dir='ltr'><strong>res</strong></span> <span class='ocrx_word' id='word_1_218' title='bbox 751 4019 892 4085; x_wconf 81' lang='lat' dir='ltr'><strong>visa</strong></span> <span class='ocrx_word' id='word_1_219' title='bbox 933 4024 1049 4098; x_wconf 89' lang='lat' dir='ltr'><strong>est,</strong></span> <span class='ocrx_word' id='word_1_220' title='bbox 1093 4024 1169 4085; x_wconf 94' lang='lat' dir='ltr'><strong>ut</strong></span> <span class='ocrx_word' id='word_1_221' title='bbox 1207 4018 1400 4085; x_wconf 88' lang='lat' dir='ltr'><strong>rebus</strong></span> <span class='ocrx_word' id='word_1_222' title='bbox 1442 4018 1720 4101; x_wconf 89' lang='lat' dir='ltr'><strong>propriis</strong></span> <span class='ocrx_word' id='word_1_223' title='bbox 1765 4024 1899 4085; x_wconf 89' lang='lat' dir='ltr'><strong>tam</strong></span> <span class='ocrx_word' id='word_1_224' title='bbox 1939 4019 2114 4101; x_wconf 91' lang='lat' dir='ltr'><strong>piam</strong></span> <span class='ocrx_word' id='word_1_225' title='bbox 2148 4023 2423 4086; x_wconf 89' lang='lat' dir='ltr'><strong>mentem</strong></span> <span class='ocrx_word' id='word_1_226' title='bbox 2468 4023 2535 4083; x_wconf 92' lang='lat' dir='ltr'><strong>et</strong></span> <span class='ocrx_word' id='word_1_227' title='bbox 2585 4018 2949 4099; x_wconf 86' lang='lat' dir='ltr'><strong>religiosum</strong></span> 
     </span>
     <span class='ocr_line' id='line_1_32' title="bbox 604 4120 2950 4205; baseline -0.001 -20"><span class='ocrx_word' id='word_1_228' title='bbox 604 4122 1000 4204; x_wconf 88' lang='lat' dir='ltr'><strong>propositum</strong></span> <span class='ocrx_word' id='word_1_229' title='bbox 1046 4121 1309 4203; x_wconf 88' lang='lat' dir='ltr'><strong>quilibet</strong></span> <span class='ocrx_word' id='word_1_230' title='bbox 1355 4120 1736 4188; x_wconf 88' lang='lat' dir='ltr'><strong>christianus</strong></span> <span class='ocrx_word' id='word_1_231' title='bbox 1781 4122 2078 4205; x_wconf 90' lang='lat' dir='ltr'><strong>princeps</strong></span> <span class='ocrx_word' id='word_1_232' title='bbox 2119 4126 2555 4204; x_wconf 88' lang='lat' dir='ltr'><strong>anteponeret,</strong></span> <span class='ocrx_word' id='word_1_233' title='bbox 2594 4125 2661 4186; x_wconf 91' lang='lat' dir='ltr'><strong>et</strong></span> <span class='ocrx_word' id='word_1_234' title='bbox 2703 4136 2950 4202; x_wconf 89' lang='lat' dir='ltr'><strong>preser-</strong></span> 
     </span>
     <span class='ocr_line' id='line_1_33' title="bbox 604 4222 2955 4307; baseline -0 -19"><span class='ocrx_word' id='word_1_235' title='bbox 604 4224 720 4289; x_wconf 91' lang='lat' dir='ltr'><strong>tim</strong></span> <span class='ocrx_word' id='word_1_236' title='bbox 761 4224 934 4307; x_wconf 85' lang='lat' dir='ltr'><strong>regia</strong></span> <span class='ocrx_word' id='word_1_237' title='bbox 975 4224 1298 4307; x_wconf 80' lang='lat' dir='ltr'><strong>MaiestaS,</strong></span> <span class='ocrx_word' id='word_1_238' title='bbox 1341 4226 1444 4291; x_wconf 91' lang='lat' dir='ltr'><strong>cui</strong></span> <span class='ocrx_word' id='word_1_239' title='bbox 1491 4242 1706 4291; x_wconf 68' lang='lat' dir='ltr'><strong>omnae</strong></span> <span class='ocrx_word' id='word_1_240' title='bbox 1769 4224 2078 4291; x_wconf 84' lang='lat' dir='ltr'><strong>Oratores</strong></span> <span class='ocrx_word' id='word_1_241' title='bbox 2146 4228 2213 4290; x_wconf 89' lang='lat' dir='ltr'><strong>et</strong></span> <span class='ocrx_word' id='word_1_242' title='bbox 2276 4223 2481 4289; x_wconf 92' lang='lat' dir='ltr'><strong>nuntii</strong></span> <span class='ocrx_word' id='word_1_243' title='bbox 2525 4222 2955 4288; x_wconf 80' lang='lat' dir='ltr'><strong>Illustrissimi</strong></span> 
     </span>
     <span class='ocr_line' id='line_1_34' title="bbox 603 4325 2965 4410; baseline 0 -20"><span class='ocrx_word' id='word_1_244' title='bbox 603 4325 882 4391; x_wconf 91' lang='lat' dir='ltr'><strong>Dominii</strong></span> <span class='ocrx_word' id='word_1_245' title='bbox 935 4326 1111 4394; x_wconf 89' lang='lat' dir='ltr'><strong>missi</strong></span> <span class='ocrx_word' id='word_1_246' title='bbox 1179 4328 1265 4393; x_wconf 88' lang='lat' dir='ltr'><strong>ad</strong></span> <span class='ocrx_word' id='word_1_247' title='bbox 1330 4326 1588 4410; x_wconf 87' lang='lat' dir='ltr'><strong>negotia</strong></span> <span class='ocrx_word' id='word_1_248' title='bbox 1647 4326 1993 4395; x_wconf 89' lang='lat' dir='ltr'><strong>christiana.</strong></span> <span class='ocrx_word' id='word_1_249' title='bbox 2041 4325 2448 4409; x_wconf 89' lang='lat' dir='ltr'><strong>procuranda</strong></span> <span class='ocrx_word' id='word_1_250' title='bbox 2496 4330 2561 4391; x_wconf 92' lang='lat' dir='ltr'><strong>et</strong></span> <span class='ocrx_word' id='word_1_251' title='bbox 2604 4325 2965 4391; x_wconf 88' lang='lat' dir='ltr'><strong>transitum·</strong></span> 
     </span>
     <span class='ocr_line' id='line_1_35' title="bbox 601 4427 2948 4513; baseline 0 -20"><span class='ocrx_word' id='word_1_252' title='bbox 601 4427 902 4496; x_wconf 87' lang='lat' dir='ltr'><strong>facientes</strong></span> <span class='ocrx_word' id='word_1_253' title='bbox 944 4447 1062 4512; x_wconf 92' lang='lat' dir='ltr'><strong>per</strong></span> <span class='ocrx_word' id='word_1_254' title='bbox 1102 4430 1338 4513; x_wconf 88' lang='lat' dir='ltr'><strong>regiam</strong></span> <span class='ocrx_word' id='word_1_255' title='bbox 1379 4430 1676 4496; x_wconf 89' lang='lat' dir='ltr'><strong>ditionem</strong></span> <span class='ocrx_word' id='word_1_256' title='bbox 1719 4428 2049 4495; x_wconf 86' lang='lat' dir='ltr'><strong>Maiestati</strong></span> <span class='ocrx_word' id='word_1_257' title='bbox 2101 4446 2217 4495; x_wconf 90' lang='lat' dir='ltr'><strong>sue</strong></span> <span class='ocrx_word' id='word_1_258' title='bbox 2260 4432 2628 4495; x_wconf 85' lang='lat' dir='ltr'><strong>constanter</strong></span> <span class='ocrx_word' id='word_1_259' title='bbox 2673 4428 2948 4510; x_wconf 85' lang='lat' dir='ltr'><strong>explica-</strong></span> 
     </span>
     <span class='ocr_line' id='line_1_36' title="bbox 603 4529 2993 4612; baseline 0 -17"><span class='ocrx_word' id='word_1_260' title='bbox 603 4549 753 4598; x_wconf 84' lang='lat' dir='ltr'><strong>vere</strong></span> <span class='ocrx_word' id='word_1_261' title='bbox 796 4548 1072 4599; x_wconf 85' lang='lat' dir='ltr'><strong>amorem</strong></span> <span class='ocrx_word' id='word_1_262' title='bbox 1116 4537 1180 4598; x_wconf 90' lang='lat' dir='ltr'><strong>et</strong></span> <span class='ocrx_word' id='word_1_263' title='bbox 1223 4531 1598 4599; x_wconf 86' lang='lat' dir='ltr'><strong>charitatem</strong></span> <span class='ocrx_word' id='word_1_264' title='bbox 1642 4537 1836 4612; x_wconf 89' lang='lat' dir='ltr'><strong>atque</strong></span> <span class='ocrx_word' id='word_1_265' title='bbox 1904 4530 2067 4598; x_wconf 91' lang='lat' dir='ltr'><strong>adeo</strong></span> <span class='ocrx_word' id='word_1_266' title='bbox 2137 4531 2671 4599; x_wconf 85' lang='lat' dir='ltr'><strong>existimationem</strong></span> <span class='ocrx_word' id='word_1_267' title='bbox 2714 4537 2779 4597; x_wconf 90' lang='lat' dir='ltr'><strong>et</strong></span> <span class='ocrx_word' id='word_1_268' title='bbox 2823 4529 2955 4597; x_wconf 88' lang='lat' dir='ltr'><strong>cul·</strong></span> <span class='ocrx_word' id='word_1_269' title='bbox 2974 4572 2993 4579; x_wconf 78' lang='lat'>-</span> 
     </span>
    </p>
   </div>
  </div>
 </body>
</html>
