3793 5187
1747 437 1826 510 si

622 630 794 724 quod
836 642 1055 708 teneat
1096 649 1373 709 castrum
1417 664 1596 709 suum
1636 651 1703 711 et
1733 651 2136 727 acceptamus
2170 647 2555 714 oblationem
2583 666 2770 729 quam
2801 629 2954 714 facit

612 762 951 810 remorum.
1012 743 1251 809 Verum
1295 744 1377 842 de
1409 745 1646 824 saliniS,
1692 763 1850 827 quas
1896 747 2066 827 dicit,
2111 766 2239 814 non
2277 767 2606 831 possemus
2651 755 2946 831 respectu

610 844 1013 911 subditorum
1056 851 1420 911 nostrorum
1464 845 1712 928 Spaleti
1758 849 1891 914 eius
1923 849 2336 942 ‘requisitioni
2379 852 2707 917 assentire.

916 990 1016 1056 De
1058 995 1243 1072 parte
1382 991 1526 1055 116.

916 1093 1018 1157 De
1064 1110 1191 1158 non
1466 1095 1526 1156 2.

916 1192 1063 1259 Non
1107 1193 1336 1258 sinceri
1465 1195 1525 1257 2.

836 1334 1100 1405 (Archim'o
1140 1335 1199 1389 di
1230 1333 1386 1390 Staio
1432 1334 1675 1399 Vanesia,

728 1417 947 1474 Senato
993 1418 1236 1488 Socrati,
1284 1435 1407 1490 reg.
1444 1419 1513 1474 15
1557 1434 1605 1474 c.
1640 1419 1709 1473 56
1728 1417 1787 1489 t.)

1592 1723 1935 1800 XXVII.

1278 1861 1667 1931 mccccxtn.
1706 1862 1803 1930 dio
1847 1863 2026 1930 XXVl.
2070 1859 2280 1929 ram-til.

816 2026 1002 2106 Quod
1043 2028 1596 2096 Reverendissimo
1645 2029 1895 2094 domino
1946 2029 2266 2095 cardinali
2309 2033 2526 2096 sancte
2559 2027 2811 2110 Sabine,
2857 2029 2947 2096 le·

612 2133 763 2210 gato
793 2131 1163 2214 Apostolico
1196 2130 1275 2195 de
1308 2130 1530 2211 latere,
1580 2131 1707 2212 qui,
1752 2135 1825 2194 ut
1866 2131 2138 2198 relatum
2179 2130 2300 2196 fuit
2341 2131 2487 2197 huic
2527 2132 2788 2198 consilio
2827 2151 2946 2214 per

612 2229 1099 2298 Serenissimum
1143 2230 1461 2297 dominum
1521 2231 1743 2296 ducem
1787 2230 1976 2296 dixit:
2031 2250 2339 2297 summum
2397 2231 2756 2316 pontificem
2801 2251 2945 2297 eum

612 2331 867 2397 mittere
910 2333 1190 2415 legatum
1234 2332 1317 2397 ad
1368 2337 1591 2415 partes
1630 2333 1978 2413 Hungarie‚
2021 2337 2095 2397 ut
2137 2332 2304 2398 inter
2347 2352 2562 2416 regem
2591 2334 2856 2399 Polonie
2885 2338 2952 2399 et

608 2434 894 2514 reginam
953 2435 1281 2516 Hungarie
1338 2452 1559 2516 pacem
1620 2451 1858 2516 ponere
1920 2433 2177 2500 studeat
2237 2439 2303 2500 et
2361 2434 2700 2516 provideat
2757 2435 2950 2501 saluti

616 2534 1101 2603 christianorum
1140 2540 1206 2602 et
1249 2536 1510 2603 obviare
1548 2535 1806 2615 turchis,
1852 2539 2266 2617 nostrumque
2295 2535 2460 2619 petit
2504 2536 2837 2603 consilium
2885 2541 2951 2603 et

610 2635 907 2703 favorem.
998 2638 1087 2703 Et
1127 2638 1405 2703 secundo
1452 2638 1624 2717 dicit,
1670 2657 1978 2704 summum
2023 2637 2406 2720 pontificem,
2455 2640 2593 2705 visa
2632 2642 2952 2705 sententia

609 2739 805 2819 pacis,
849 2738 983 2805 lata
1023 2757 1140 2821 per
1169 2740 1661 2805 illustrissimum
1700 2740 1990 2805 comitem
2039 2740 2441 2805 Franciscum
2488 2745 2553 2806 et
2590 2740 2809 2806 habita
2835 2759 2949 2806 no-

607 2840 762 2905 ticia
809 2838 889 2905 de
934 2840 1517 2923 compositionibus,
1578 2840 1749 2905 initis
1790 2841 1958 2905 inter
2003 2838 2320 2922 prefatum
2365 2841 2676 2921 comitem,
2725 2846 2792 2906 et
2834 2841 2948 2906 Ni·

614 2939 865 3006 colaum
906 2941 1278 3021 Picininum,
1350 2960 1491 3007 cum
1553 2942 1692 3022 ipso
1744 2941 2011 3006 Nicolao
2058 2942 2312 3007 devenit
2355 2941 2438 3006 ad
2479 2944 2786 3023 praticam
2830 2942 2946 3007 sed

611 3042 891 3107 nundum
936 3042 1263 3122 conclusit,
1332 3046 1397 3107 et
1440 3042 1524 3107 ad
1564 3043 1768 3124 ipsam
1816 3043 2127 3125 praticam
2177 3042 2430 3107 devenit
2487 3061 2613 3107 non
2657 3048 2732 3107 ut
2774 3041 2947 3107 face-

610 3148 715 3209 ret
763 3150 984 3210 contra
1027 3164 1143 3210 nos
1190 3149 1301 3210 aut
1345 3145 1558 3227 ligam,
1607 3162 1723 3209 nec
1767 3144 1959 3209 etiam
2005 3149 2226 3209 contra
2285 3142 2600 3225 prefatum
2652 3144 2943 3208 comitem

615 3244 1037 3325 Franciscum,
1076 3245 1191 3311 sed
1238 3246 1441 3312 solum
1483 3250 1556 3311 ut
1602 3263 1980 3311 conservare
2025 3246 2238 3310 valeat
2265 3249 2503 3311 statum
2551 3243 2944 3310 Beatitudini

610 3364 724 3411 sue
766 3350 1132 3411 restantem.
1197 3346 1701 3427 Respondeatur.

810 3480 897 3546 Et
939 3482 1141 3563 primo
1174 3482 1343 3547 circa
1370 3482 1699 3547 consilium
1730 3486 1797 3547 et
1825 3479 2112 3546 favorem
2143 3498 2330 3561 quem
2359 3481 2541 3561 petit,
2591 3480 2764 3562 quod
2795 3499 2944 3547 con-

608 3580 816 3646 silium
844 3587 1130 3647 nostrum
1176 3587 1292 3662 est,
1338 3588 1411 3647 ut
1454 3600 1571 3648 sua
1597 3582 2148 3648 Reverendissima
2183 3582 2566 3661 Paternitas,
2610 3582 2945 3662 quantoci-

606 3682 735 3749 tius
778 3683 1082 3764 possibile
1108 3685 1211 3763 sit,
1261 3702 1331 3749 se
1360 3683 1709 3749 transferat
1748 3684 1833 3747 ad
1878 3684 2020 3749 illas
2049 3689 2291 3766 parteS,
2337 3684 2488 3764 quia
2524 3701 2853 3765 speramus
2881 3684 2945 3747 in

606 3784 729 3848 Dei
774 3784 1109 3850 clementia
1153 3788 1218 3849 et
1264 3786 1403 3851 eius
1444 3786 1645 3850 multa
1682 3786 2014 3866 sapientia,
2060 3783 2233 3865 quod
2267 3785 2616 3850 discordias
2653 3784 2798 3849 illas
2843 3802 2943 3849 se-

607 3883 804 3965 dabit,
872 3891 939 3951 et
1000 3886 1143 3952 illos
1204 3886 1653 3951 Serenissimos
1717 3886 1958 3968 Regem
2003 3890 2068 3950 et
2108 3885 2418 3967 Reginam
2455 3884 2832 3967 pacificabit,
2879 3892 2946 3950 et

608 4002 719 4051 eos
763 4004 838 4051 ac
875 3986 1034 4053 alios
1082 3986 1403 4068 principes
1452 3994 1519 4053 et
1562 3987 1847 4052 dominos
1891 3987 2144 4051 illarum
2205 3988 2482 4068 partium
2523 3988 2702 4051 uniet
2749 3991 2815 4050 et
2850 3988 2942 4051 in-

607 4086 797 4151 ducet
840 4086 922 4151 ad
965 4086 1321 4154 faciendum
1364 4088 1759 4169 provisiones
1807 4088 2200 4152 necessarias
2245 4105 2364 4168 pro
2409 4087 2614 4153 salute
2651 4085 2942 4153 christia·

609 4188 849 4267 nitatiS,
917 4193 983 4254 et
1036 4188 1549 4271 repprimendum
1598 4189 1841 4255 rabiem
1878 4193 2256 4253 teucrorum.
2345 4188 2432 4252 Et
2479 4189 2628 4269 quia
2669 4204 2775 4251 res
2819 4186 2943 4251 iste

608 4290 845 4355 consuli
876 4306 1001 4355 non
1032 4294 1317 4371 possunt,
1368 4290 1489 4355 nisi
1532 4290 1869 4355 videantur
1917 4294 1981 4354 et
2031 4290 2467 4371 intelligantur
2513 4307 2608 4370 ea,
2656 4305 2780 4369 que
2823 4304 2944 4353 sua

2573 4407 2637 4461 ὃ*
