3793 5187
1881 613 2006 679 208

1551 843 1558 850 ’
1679 836 1682 838 ’
1781 884 2077 964 ΧΟΙΠ,

1420 1041 1935 1111 ”ccccl-XXXV!-
1975 1041 2073 1110 dio
2106 1042 2308 1111 ΧνΙΙΙΙ.
2352 1041 2493 1108 lulli.

775 1212 1264 1296 circumspecto
1306 1216 1373 1278 et
1398 1210 1681 1294 Sapienti
1709 1211 1846 1276 viro
1874 1209 2095 1277 Ioanni
2122 1209 2334 1291 Dario,
2378 1209 2737 1278 fidelissimo
2768 1209 3121 1278 Secretario

1529 1321 1748 1382 nostro
1794 1312 2358 1397 Constantinopoli.

977 1435 1266 1501 Ioannes.
1336 1434 1581 1501 Venere
1631 1434 1753 1500 huc
1805 1433 1886 1500 ad
1945 1451 2060 1499 nos
2113 1434 2287 1499 hisce
2330 1431 2548 1500 diebus
2591 1433 2874 1499 nonnulli
2916 1437 3123 1499 orato·

755 1556 880 1610 ses
934 1537 1201 1605 Cesaree
1267 1537 1630 1603 Maiestatis
1673 1539 1740 1599 et
1785 1535 2178 1602 serenissimi
2242 1535 2505 1604 Polonie
2566 1537 2752 1619 regis,
2816 1537 2924 1620 qui
2978 1541 3124 1619 post

782 1647 1118 1708 consuetas
1155 1639 1570 1706 salutationes
1618 1641 1686 1702 et
1723 1639 2051 1721 generales
2096 1637 2446 1705 oblationes
2493 1640 2745 1705 nomine
2787 1637 3123 1706 Serenissi-

759 1762 1023 1817 morum
1064 1743 1458 1809 dominorum
1503 1758 1780 1820 suorum,
1860 1747 2198 1823 postquam
2262 1747 2804 1807 commemoratam
2847 1747 3124 1808 veterem

775 1846 1117 1911 amicitiam
1163 1849 1231 1911 et
1273 1843 1756 1911 benivolentiam
1800 1843 2063 1908 illorum
2105 1844 2172 1908 in
2213 1861 2330 1910 nos
2374 1849 2796 1926 exposuerunt
2830 1843 2997 1910 inter
3026 1862 3124 1911 ce-

773 1961 930 2028 tera,
980 1948 1148 2030 quod
1177 1946 1444 2013 libenter
1473 1946 1718 2030 prefate
1745 1944 2119 2011 Maiestates
2158 1946 2386 2012 inirent
2432 1950 2547 2012 ant
2590 1964 2824 2030 pacem,
2871 1951 2986 2012 aut
3028 1949 3121 2012 in-

745 2051 982 2120 ¹riutias
1029 2069 1168 2116 cum
1231 2051 1354 2116 isto
1402 2048 1837 2116 Illustrissimo
1881 2049 2136 2114 domino
2180 2047 2403 2114 Turco:
2472 2047 2597 2115 Sed
2656 2067 2798 2114 cum
2842 2049 3123 2132 proximo

759 2153 1090 2237 superiori
1133 2158 1414 2236 tempore
1452 2151 1734 2219 extiterit
1790 2151 1957 2216 inter
2027 2152 2293 2217 eundem
2358 2153 2673 2218 dominum
2720 2151 3011 2234 Turcum‚
3058 2157 3126 2219 et

755 2333 760 2340 ‚
769 2256 1093 2350 prefatum
1159 2273 1372 2338 regem
1437 2255 1691 2321 Polonie
1755 2255 2039 2336 practica
2111 2253 2285 2334 pacis
2346 2259 2411 2320 et
2477 2255 2688 2320 nullus
2756 2255 3127 2321 successerit

781 2359 1056 2439 effectae,
1103 2377 1224 2440 que
1262 2357 1510 2441 quidem
1560 2375 1682 2439 pax
1725 2356 1907 2422 bonis
1959 2353 2167 2422 verbis
2208 2374 2319 2438 per
2362 2357 2564 2438 ipsum
2590 2375 2802 2438 regem
2831 2355 2950 2422 fuit
2976 2373 3122 2438 pro-

782 2467 999 2528 tracta
1045 2479 1183 2526 cum
1231 2460 1442 2543 aliqua
1485 2459 1724 2526 domini
1751 2457 1939 2523 Turci
1986 2459 2359 2524 alteratione
2399 2458 2651 2524 videtur
2685 2458 3124 2525 Maiestatibns

755 2565 912 2631 --suis
945 2581 1070 2629 non
1113 2563 1404 2646 expedire
1445 2561 1666 2628 honori
1711 2579 1846 2641 sun,
1913 2565 1984 2626 ut
2045 2561 2166 2644 ipsi
2208 2579 2372 2627 nunc
2414 2578 2629 2643 pacem
2671 2561 2803 2628 sive
2841 2561 3124 2629 inducias

769 2668 1130 2750 requirant.
1207 2666 1296 2731 Et
1341 2666 1483 2731 ideo
1530 2665 1935 2730 declararunt
1976 2668 2338 2745 pergratum
2383 2682 2521 2730 esse
2563 2663 2907 2745 habituros,
2958 2664 3125 2747 quod

767 2788 902 2843 ,nos
946 2777 1250 2852 tanquam
1298 2786 1340 2832 a
1382 2765 1562 2834 nobis
1625 2766 2083 2831 intercedamus
2139 2770 2205 2831 et
2259 2784 2392 2831 rem
2444 2767 2632 2832 istam
2676 2784 3112 2849 proponamus,

781 2873 1142 2953 hortatique
1185 2876 1336 2937 sunt
1377 2870 1638 2935 velimus
1703 2869 2079 2952 provintiam
2124 2869 2438 2950 suscipere
2479 2869 2775 2949 dicenteS,
2846 2869 3015 2952 quod
3059 2870 3115 2936 si

757 2976 1136 3059 ;intelligent
1202 2972 1551 3056 predictum
1617 2971 1936 3036 dominum
2004 2969 2273 3036 Turcum
2338 2988 2473 3037 esse
2524 2969 2673 3037 huic
2711 2972 2808 3037 rei
2849 2971 3115 3055 disposi-

778 3083 932 3157 tum,
989 3078 1246 3142 mittent
1291 3074 1747 3156 quamprimum
1806 3073 1971 3137 istuc
2012 3090 2229 3138 eorum
2272 3072 2513 3155 legatos
2560 3078 2811 3139 acturos
2852 3074 2931 3139 de
2972 3092 3115 3140 con-

749 3180 1122 3245 -ditionibus
1169 3182 1238 3243 et
1281 3182 1579 3243 venturos
1617 3176 1699 3241 ad
1729 3174 2205 3240 conclusionem.
2274 3174 2405 3242 Nos
2435 3180 2663 3257 autem,
2714 3176 2823 3256 qui
2850 3183 2924 3242 ut
2948 3177 3116 3242 nosti

781 3301 1030 3365 semper
1071 3279 1372 3361 singulari
1416 3278 1744 3344 devotione
1787 3282 1854 3341 et
1898 3278 2253 3342 reverentia
2296 3276 2625 3343 Cesaream
2666 3276 3115 3344 Celsitudinem

777 3390 844 3451 et
885 3382 1224 3448 affectuoso
1289 3400 1518 3461 amore,
1582 3398 1660 3446 ac
1724 3378 2004 3443 amicitia
2066 3378 2547 3447 Serenissimum
2600 3398 2808 3463 regem
2851 3379 3115 3447 Polonie

778 3502 994 3552 sumus
1033 3484 1365 3567 prosecuti,
1433 3501 1559 3548 non
1603 3480 1921 3564 potuimus
1963 3482 2227 3548 honeste
2290 3481 2417 3547 illis
2467 3482 2821 3548 huiusmodi
2863 3502 3115 3565 operam

752 3592 1062 3659 ‚nostram
1099 3604 1350 3668 negare,
1418 3603 1494 3651 ea
1538 3584 1866 3666 presertim
1937 3584 2339 3665 persuasione
2395 3584 2569 3665 moti,
2636 3585 2804 3668 quod
2848 3604 2971 3651 non
3014 3604 3115 3651 su-

763 3707 921 3763 „mus
967 3689 1046 3753 ob
1089 3689 1153 3753 id
1197 3688 1424 3754 facturi
1469 3706 1602 3752 rem
1642 3687 1955 3768 ingratam
1998 3686 2249 3751 domino
2292 3686 2509 3767 Turco,
2558 3686 2751 3753 Cuius
2790 3688 3114 3755 Excellen-

748 3790 878 3855 .cia
920 3790 1317 3870 arbitramur,
1366 3791 1533 3875 quod
1571 3790 1755 3855 sicuti
1800 3788 1985 3854 inivit
2028 3788 2314 3853 inducias
2358 3806 2497 3853 cum
2534 3786 2942 3856 Serenissimo
2971 3810 3117 3874 rege

773 3892 1119 3972 Hungarie‚
1185 3892 1277 3957 ita
1339 3891 1609 3957 fortasse
1652 3892 1921 3957 libenter
1968 3891 2093 3955 erit
2130 3894 2427 3957 contenta.
2470 3891 2629 3956 inire
2672 3910 2811 3957 cum
2838 3892 3115 3985 ‘prefatis

751 3992 1237 4068 ,Maiestatibus
1327 3992 1735 4072 Quamobrem
1783 3992 1932 4057 freti
1994 3994 2227 4058 virtute
2268 3998 2338 4057 et
2379 3993 2710 4073 prudentia
2750 3998 2879 4076 tua,
2926 4000 3117 4078 atque

777 4098 873 4161 tui
923 4096 1158 4177 ingenii
1199 4094 1590 4161 dexteritate
1637 4093 1981 4161 obtulimus
2025 4112 2143 4159 nos
2187 4095 2297 4173 eis,
2366 4092 2486 4159 hoc
2547 4114 2705 4161 onus
2750 4086 2868 4161 tibi
2911 4096 3112 4179 impo-

779 4198 1052 4263 situros:
1121 4198 1209 4263 Et
1252 4198 1548 4279 quoniam
1596 4196 1777 4262 nobis
1840 4197 2244 4261 innotescere
2284 4195 2621 4261 voluerunt
2662 4199 2975 4278 practicas
3020 4218 3116 4265 se-

779 4306 958 4365 cutas
1001 4301 1172 4365 inter
1216 4299 1503 4382 prefatos
1545 4298 1869 4364 dominum
1910 4298 2180 4364 Turcum
2227 4303 2297 4363 et
2335 4316 2551 4379 regem
2584 4316 2662 4363 ex
2692 4299 2933 4365 incluso
2962 4299 3116 4369 folio

783 4402 1016 4466 intueri
1079 4402 1320 4483 poteris
1387 4416 1630 4504 wem
1677 4418 2055 4477 successum,
2127 4398 2297 4479 quod
2367 4400 2621 4480 quidem
2672 4417 2799 4466 non
2841 4400 2987 4467 ideo
3033 4404 3115 4469 ad

757 4508 852 4568 ete
903 4504 1230 4583 mittimus,
1296 4506 1371 4567 ut
1417 4502 1654 4579 qe'illo
1693 4502 2081 4567 mentionem
2121 4500 2314 4566 ullam
2356 4496 2573 4585 facias,
2630 4502 2745 4568 sed
2786 4504 2989 4570 solum
3033 4505 3118 4572 ad
