3793 5187
1794 528 1917 602 139

682 740 855 826 garie
900 742 1247 828 regentium
1293 744 1374 810 ad
1421 760 1676 826 presens
1728 742 1883 807 illud
1942 760 2220 824 regnum,
2281 739 2482 805 multa
2543 757 2683 805 cum
2723 728 3030 805 instantia

682 852 917 929 exorat,
981 853 1055 913 ut
1106 847 1557 931 provideamus,
1621 846 1787 930 quod
1844 844 2039 927 galee,
2098 849 2226 910 tam
2271 848 2502 925 nostre,
2558 860 2748 925 quam
2788 846 3030 907 armate

679 969 793 1034 per
844 969 1154 1017 summum
1210 948 1597 1029 Pontificem,
1659 952 2060 1032 perseverent
2101 947 2168 1013 in
2209 947 2434 1014 strictu
2477 948 2696 1013 contra
2737 943 3029 1025 TeucroS,

683 1051 853 1119 facta
894 1053 1297 1136 responsione
1343 1053 1425 1119 ad
1464 1051 1653 1119 verba
1694 1052 2030 1135 generalia,
2074 1069 2194 1133 que
2237 1050 2396 1116 dixit
2439 1067 2553 1132 pro
2593 1052 2773 1131 parte
2801 1046 3030 1129 prefati

686 1154 1081 1223 serenissimi
1123 1154 1359 1223 domini
1400 1154 1608 1238 Regis,
1672 1172 1814 1221 cum
1854 1152 1982 1219 illis
2025 1150 2316 1219 humanis
2360 1156 2426 1218 et
2460 1150 2764 1217 benivolis
2804 1149 3028 1233 verbiS,

681 1276 803 1339 que
845 1258 1277 1325 convenientia
1322 1257 1667 1323 videantur.
1733 1258 1834 1324 Ad
1876 1256 2112 1325 factum
2155 1256 2478 1341 galearum
2521 1256 2798 1323 dicatur:

888 1361 1063 1441 Quod
1108 1366 1244 1428 tum
1272 1359 1353 1428 ob
1381 1359 1501 1427 Dei
1528 1359 1962 1442 reverentiam,
2007 1366 2074 1427 et
2101 1358 2350 1439 bonum,
2395 1376 2470 1425 ac
2510 1358 2838 1425 comodum
2870 1354 3032 1421 chri-

684 1464 889 1530 stiane
928 1464 1271 1548 religionis,
1320 1470 1455 1530 tum
1498 1463 1687 1531 etiam
1734 1462 2279 1546 contemplatione,
2323 1466 2390 1528 et
2433 1478 2660 1542 amore,
2702 1477 2888 1543 quem
2930 1478 3035 1543 ge-

685 1567 898 1648 rimuS,
946 1568 1025 1633 ad
1076 1567 1549 1635 Serenissimum
1578 1566 1895 1633 dominum
1925 1564 2158 1647 Regem
2187 1564 2508 1651 Hungarie
2552 1568 2618 1630 et
2655 1561 2929 1643 Polonie,
2971 1564 3035 1626 et

686 1669 766 1737 ad
803 1668 1070 1737 barones
1117 1670 1459 1753 Hungarie,
1504 1669 1735 1736 fuimus
1778 1667 2237 1748 ferventissimi,
2283 1686 2409 1733 non
2437 1666 2640 1733 solum
2668 1666 3036 1749 conplacere

686 1790 929 1839 summo
982 1772 1290 1853 Pontifici,
1352 1777 1426 1839 ut
1482 1772 1585 1837 hic
1639 1777 1929 1852 armaret,
1978 1770 2088 1839 sed
2144 1770 2332 1836 etiam
2394 1770 2648 1835 mittere
2699 1768 2780 1835 de
2817 1766 3034 1850 galeis,

687 1893 811 1958 que
854 1875 1087 1942 nostris
1130 1876 1421 1959 expensis
1462 1878 1705 1941 armate
1747 1879 1914 1954 sunt,
1962 1877 2028 1939 et
2069 1874 2136 1938 in
2179 1871 2476 1955 predictis
2515 1869 2856 1938 notabilem
2891 1868 3038 1935 feci-

686 1996 827 2045 mus
870 1996 1223 2061 expenm,
1271 1978 1437 2043 Nam
1482 1996 1757 2043 summus
1800 1974 2109 2057 Pontifex,
2155 1976 2357 2041 solum
2399 1992 2514 2058 pro
2557 1972 2752 2057 galeis
2787 1972 3038 2038 nomine

688 2098 803 2147 suo
836 2080 1097 2146 armatis
1122 2080 1449 2163 pecuniam
1480 2078 1775 2163 stipendii
1806 2076 2185 2158 exbursavit,
2229 2095 2418 2159 quam
2461 2095 2576 2159 pro
2607 2074 2829 2142 maiori
2857 2080 3040 2158 parte

688 2185 768 2251 de
811 2185 1055 2251 decima
1098 2183 1264 2250 Cleri
1308 2188 1621 2250 terrarum
1667 2186 2044 2261 nostrarum,
2107 2180 2522 2264 recuperavit,
2566 2183 2633 2245 et
2672 2197 2788 2245 nos
2829 2176 3042 2260 galeas

694 2286 1183 2371 preparavimuS,
1244 2291 1311 2352 et
1362 2304 1576 2352 omnes
1626 2285 1785 2351 alias
1844 2300 2148 2367 expensas
2191 2281 2450 2349 fecimus
2490 2283 2572 2349 de
2611 2281 2891 2365 pecuniis
2931 2298 3043 2347 no-

688 2390 839 2456 stris
874 2390 1161 2473 propriis,
1231 2393 1298 2455 et
1346 2388 1473 2455 iam
1531 2387 1747 2454 multis
1805 2385 2026 2453 diebus
2083 2389 2523 2470 cognoscentes
2566 2383 2658 2451 rei
2701 2384 3044 2468 importan-

689 2493 861 2574 tiam‚
910 2511 985 2559 ac
1032 2490 1503 2559 considerantes
1546 2490 1711 2572 quod
1754 2492 2013 2573 propter
2040 2489 2290 2555 intensa
2317 2487 2568 2571 frigora,
2616 2486 2946 2570 regnantia
2973 2485 3040 2550 in

691 2597 936 2677 strictu,
984 2599 1050 2662 et
1086 2596 1319 2664 multas
1360 2595 1767 2661 necessitates
1806 2599 2222 2674 occurrenteS,
2278 2590 2697 2658 necessarium
2740 2592 2926 2670 esset,
2971 2592 3046 2654 ut

690 2720 805 2783 per
832 2717 1145 2766 summum
1171 2697 1539 2765 Pontificem
1586 2698 1665 2764 de
1712 2697 1992 2780 pecuniis
2034 2696 2483 2779 provideretur,
2535 2693 2898 2776 scripsimus
2927 2710 3042 2775 per

692 2803 1047 2885 duplicatas
1087 2803 1325 2882 literas,
1387 2805 1453 2866 et
1510 2799 1968 2878 instantissime
2023 2798 2506 2883 supplicavimus
2549 2815 2790 2863 summo
2833 2794 3048 2862 Ponti-

695 2905 817 2987 fici,
862 2909 937 2972 ut
972 2905 1341 2987 dignaretur
1381 2904 1460 2970 de
1500 2903 1781 2988 pecuniis
1826 2921 1940 2986 pro
1978 2901 2388 2969 subventione
2415 2901 2752 2985 galearum,
2797 2897 3047 2964 nomine

694 3026 808 3075 suo
854 3012 1260 3088 armatarum,
1320 3011 1739 3091 opportunam
1798 3005 2216 3090 provisionem
2259 3004 2480 3072 facere.
2562 3003 2728 3068 Nam
2777 3019 2890 3084 pro
2935 3017 3048 3065 no·

700 3112 852 3178 stris
895 3110 1297 3194 providimus.
1367 3111 1454 3176 Et
1494 3111 1591 3179 ita
1630 3129 1924 3195 rogamus
1971 3110 2174 3192 ipsum
2225 3109 2593 3192 magistrum
2633 3105 2927 3186 Tadeum,
2975 3107 3050 3169 ut

696 3233 837 3282 cum
880 3214 1003 3280 erit
1043 3214 1125 3280 ad
1166 3213 1355 3296 pedes
1392 3213 1785 3297 apostolicoS,
1836 3212 2287 3280 instantissime
2315 3210 2626 3294 supplicet
2651 3207 2894 3292 prefato
2923 3207 3048 3273 Ro-

700 3335 886 3384 mano
931 3315 1252 3398 Pontifice,
1298 3323 1372 3382 ut
1410 3317 1722 3400 dignetur,
1769 3317 1904 3382 sine
1935 3315 2234 3400 temporis
2263 3315 2583 3394 dilatione,
2631 3315 3048 3395 opportunam

704 3419 1121 3504 provisionem
1164 3419 1384 3501 facere,
1433 3419 1597 3486 Nam
1641 3420 1695 3486 si
1740 3423 2090 3503 opportune
2120 3415 2488 3501 providebit,
2531 3433 2646 3482 nos
2673 3413 2882 3480 omnia
2909 3429 3052 3496 pos·

700 3522 910 3590 sibilia
952 3521 1271 3604 faciemuS,
1318 3522 1483 3604 quod
1526 3522 1821 3604 impresia
1852 3526 2104 3604 sumpta
2133 3522 2632 3598 manuteneatur,
2683 3521 2750 3584 et
2791 3515 2950 3583 fiant
2975 3530 3052 3580 ea

697 3644 821 3709 que
868 3625 951 3692 ad
994 3625 1321 3692 comodum
1364 3624 1847 3692 christianorum
1888 3623 2256 3704 redundent,
2313 3627 2378 3689 et
2420 3621 2586 3689 circa
2626 3619 2747 3686 hoc
2789 3622 3053 3686 utantur

698 3729 825 3795 illis
867 3727 1091 3810 verbis,
1138 3746 1261 3811 que
1304 3729 1386 3795 ad
1430 3727 1823 3811 propositum
1864 3726 2082 3794 cedere
2123 3723 2517 3792 videbuntur.

1005 3847 1107 3913 De
1149 3851 1335 3940 parte
1382 3866 1616 3915 omnes

1006 3946 1109 4016 De
1150 3965 1279 4016 non
1554 3955 1616 4016 0.

1008 4049 1152 4119 Non
1196 4051 1425 4120 sinceri
1556 4057 1617 4119 Ο.

1008 4189 1273 4262 (ΑνσΙιὶυἰο
1312 4189 1372 4244 ἀι·
1401 4187 1556 4245 Scato
1590 4188 1647 4244 in
1680 4183 1926 4253 Venetia,

700 4271 1151 4335 Deliberazioni
1184 4274 1407 4332 Senato
1445 4272 1689 4346 Socrati,
1722 4289 1834 4345 reg
1843 4285 1882 4317 ⁰·
1910 4271 1980 4328 16
2015 4287 2063 4326 c.
2098 4268 2242 4341 131.)

1622 4421 2137 4449 mm

2644 4557 2714 4616 10
