3793 5187
1694 482 1818 549 103

595 688 693 756 nis
735 708 852 755 nec
898 687 1204 768 volumuS,
1252 688 1421 769 quod
1465 688 1645 771 galee
1692 688 1977 771 predicte
2017 708 2130 755 seu
2175 686 2388 770 aliqua
2434 708 2649 755 earum
2687 688 2922 757 vadant

596 791 679 859 ad
722 790 937 873 aliqua
980 790 1106 856 alia
1148 790 1291 855 loca
1336 790 1513 856 nobis
1558 792 1760 857 amica
1804 810 1920 874 pro
1967 790 2422 857 damnificando
2467 791 2596 858 illa.

897 910 997 975 De
1040 915 1223 993 parte
1270 912 1369 975 14.
1458 912 1557 977 De
1604 929 1728 976 non
1772 914 1831 977 3.
1923 911 2065 977 Non
2110 913 2338 979 sinceri
2373 914 2594 979 4—2.

1087 1113 1423 1197 Sapientes
1472 1112 1879 1196 ultrascripti.

797 1251 1191 1319 Denotamus
1248 1252 1509 1335 insuper
1567 1251 1703 1331 tibi,
1766 1251 1939 1333 quod
1993 1258 2066 1318 ut
2118 1270 2194 1317 ea
2247 1270 2371 1334 que
2416 1250 2626 1317 fienda
2673 1259 2818 1319 sunt
2861 1254 2925 1319 in

596 1352 715 1419 hac
769 1360 991 1419 sancta
1050 1353 1385 1436 Impresia,
1450 1353 1653 1435 magis
1709 1358 2007 1434 potenter
2068 1352 2252 1433 fiant,
2318 1353 2802 1421 deliberavimus
2861 1362 2927 1422 et

597 1455 1031 1523 mandavimus
1064 1454 1411 1537 Capitaneo
1438 1459 1656 1520 nostro
1691 1452 1871 1534 Culfi,
1918 1453 2086 1537 quod
2115 1474 2303 1521 unam
2345 1474 2423 1521 ex
2461 1457 2660 1538 galeis
2689 1458 2924 1524 nostris

601 1558 681 1625 de
721 1557 1027 1637 Venetiis‚
1090 1557 1260 1624 illam
1306 1557 1619 1637 videlicet,
1682 1576 1805 1639 que
1846 1557 2070 1624 melius
2117 1559 2240 1624 erit
2283 1559 2346 1623 in
2390 1558 2626 1639 ordine,
2671 1560 2925 1626 mittere

601 1660 832 1729 debeat
875 1660 959 1727 ad
996 1659 1419 1727 obedientiam
1463 1665 1653 1726 tuam.
1725 1658 2162 1726 Mandavimus
2193 1679 2444 1743 quoque
2471 1661 2782 1743 Regimini
2813 1664 2926 1729 Ni-

598 1764 925 1849 gropontis
970 1762 1141 1844 quod
1184 1761 1429 1847 galeam
1476 1768 1754 1829 nostram
1798 1761 2026 1828 deinde
2071 1763 2361 1828 similiter
2402 1763 2657 1829 mittere
2697 1765 2928 1832 debeat

596 1866 681 1933 ad
714 1864 1137 1933 obedientiam
1186 1871 1377 1931 tuam.
1452 1864 1539 1929 Et
1582 1864 1701 1930 hoc
1744 1864 1911 1929 idem
1955 1865 2252 1931 iussimus
2281 1865 2592 1948 Regimini
2621 1866 2924 1949 Neapolis

598 1970 921 2048 Romanie,
967 1967 1137 2051 quod
1180 1966 1375 2034 faciat
1423 1968 1501 2035 de
1548 1968 1806 2050 galeota
1832 1972 2058 2034 nostra
2087 1968 2331 2033 deinde.
2401 1968 2704 2035 Similiter
2735 1970 2924 2035 etiam

597 2070 735 2139 fieri
776 2071 1071 2139 iussimus
1128 2071 1208 2136 de
1263 2071 1517 2154 galeota
1562 2070 1855 2135 Tinarum
1921 2075 1982 2135 et
2025 2069 2474 2149 Michonarum,
2535 2070 2926 2155 Egeopelagi

602 2180 667 2241 et
700 2174 969 2241 Andres.
1062 2172 1467 2255 Litterasque
1506 2171 1587 2237 ob
1635 2171 1754 2237 hoc
1798 2172 2188 2237 necessarias
2234 2177 2299 2237 et
2343 2174 2774 2255 preceptorias
2819 2192 2924 2239 su-

597 2295 713 2362 per
755 2276 895 2356 hoc,
942 2274 1026 2341 ad
1066 2281 1133 2341 te
1170 2276 1472 2340 mittimus
1509 2274 1912 2357 presentibus
1958 2273 2252 2356 alligatis,
2297 2280 2370 2340 ut
2410 2274 2476 2339 in
2519 2274 2640 2340 hoc
2668 2294 2926 2342 accessu

596 2384 731 2460 tuo,
774 2378 917 2445 illas
963 2378 1334 2461 consignare
1378 2397 1491 2445 seu
1532 2378 1788 2444 mittere
1829 2378 2038 2459 possis
2079 2396 2196 2459 per
2225 2376 2368 2443 illas
2393 2377 2688 2444 meliores
2721 2383 2788 2445 et
2822 2397 2923 2445 ce-

602 2480 865 2549 leriores
908 2480 1045 2547 vias
1091 2498 1213 2562 que
1259 2487 1367 2547 tue
1409 2480 1744 2562 prudentie
1788 2480 2190 2546 videbuntur.
2275 2482 2318 2564 †
2374 2482 2472 2546 97.
2525 2482 2621 2546 12.
2675 2482 2732 2545 2.

974 2631 998 2704 (
1010 2631 1229 2689 Vetoezia
1264 2632 1503 2688 Arc-bivio
1539 2631 1598 2686 di
1627 2636 1799 2698 Slato,

597 2717 1035 2776 Deliberazioni
1074 2717 1293 2776 Senato
1332 2719 1573 2788 Soet-eti,
1610 2737 1731 2790 reg.
1769 2719 1914 2776 XVI
1951 2738 1997 2776 c.
2026 2719 2174 2790 100.)

1609 3027 1940 3104 XLVII.

1254 3165 1683 3235 mccccxtllll.
1728 3166 1824 3235 die
1867 3167 2062 3235 ΧνΙΙΙΙ.
2110 3168 2266 3236 lunii.

807 3348 965 3416 Cum
1008 3349 1579 3419 Reverendissimus
1644 3354 1930 3420 dominus
1977 3354 2324 3420 Cardinalis
2371 3353 2932 3421 vicecancellarius

608 3451 884 3535 Legatus
939 3451 1333 3535 Apostolicus
1379 3456 1538 3520 lecta
1566 3456 1703 3537 sibi,
1750 3457 1922 3523 iuxta
1962 3456 2464 3522 deliberationem
2494 3455 2740 3536 factam,
2788 3476 2930 3522 con-

604 3555 893 3622 missione
935 3553 1103 3622 facta
1138 3575 1249 3638 per
1291 3557 1459 3624 istud
1491 3560 1833 3642 consilium,
1879 3561 2014 3626 viro
2048 3559 2253 3625 Nobili
2289 3560 2525 3626 Aluisio
2557 3559 2928 3637 Lautedano

603 3656 991 3740 procuratori
1038 3657 1381 3740 Capitaneo
1438 3661 1776 3744 galearum,
1849 3665 2096 3728 nomine
2155 3662 2388 3728 Summi
2448 3661 2768 3728 Pontificis
2829 3663 2930 3728 hic

603 3763 1003 3840 armatarum,
1060 3760 1227 3826 int-er
1270 3767 1477 3828 cetera
1532 3763 1748 3830 fecerit
1794 3773 1921 3831 tres
1977 3762 2374 3829 difficultates
2415 3782 2601 3846 super
2645 3765 2930 3830 commis-

604 3861 781 3928 sione
816 3861 1114 3943 predicta,
1162 3862 1325 3928 sicut
1364 3883 1475 3948 per
1516 3865 1987 3933 Serenissimum
2021 3867 2352 3932 Dominum
2379 3865 2611 3932 Ducem
2641 3867 2746 3932 isti
2779 3886 2920 3932 con·

602 3963 743 4031 silio
789 3961 1059 4029 relatum
1104 3968 1217 4046 est,
1290 3985 1474 4049 super
1519 3969 2016 4036 reformationem
2065 3988 2328 4051 quarum
2378 3967 2594 4035 fecerit
2636 3974 2700 4034 et
2741 3967 2932 4034 faciat

602 4067 935 4134 maximam
977 4066 1359 4150 instantiam,
1434 4071 1519 4137 Et
1564 4072 1848 4139 omnibus
1907 4073 2314 4138 consideratis
2359 4075 2442 4138 sit
2485 4071 2711 4137 nedum
2755 4071 2928 4152 utile,

605 4171 715 4236 sed
758 4187 1001 4234 summo
1042 4173 1455 4238 necessarium
1520 4175 1669 4241 dare
1727 4175 2179 4258 expeditionem
2246 4173 2486 4257 prefato
2529 4173 2931 4239 Reverendis-

607 4271 764 4338 simo
810 4274 1063 4341 domino
1104 4270 1357 4358 Legato‚
1404 4282 1477 4343 ut
1518 4277 1813 4358 discedat,
1872 4283 1939 4344 et
1989 4278 2258 4362 amplius
2301 4277 2399 4342 hic
2443 4295 2566 4342 non
2611 4276 2928 4341 ammittat

604 4380 865 4460 tempus,
914 4383 1109 4452 Vadit
1150 4401 1315 4464 pare,
1382 4383 1541 4465 quod
1600 4383 1865 4464 primum
1915 4381 2252 4462 capitulum
2306 4379 2750 4445 commissionis
2791 4397 2929 4461 pre-
