3793 5187
1815 527 1854 589 5

663 731 895 797 domini
931 732 1131 813 Regis,
1178 750 1290 813 per
1331 749 1487 812 quas
1530 731 1940 798 amicabiliter
1982 732 2232 815 scripsit
2263 736 2476 797 nostro
2516 731 2787 797 dominio
2831 730 2995 812 quod

661 835 902 900 audivit
946 853 1021 900 ea
1064 853 1186 916 que
1234 833 1331 898 sui
1375 833 1831 899 ambaxiatores
1876 834 1996 898 sibi
2039 834 2420 900 rettulerunt
2463 853 2538 898 ex
2577 838 2758 914 parte
2795 831 2995 897 nostri

661 935 937 1014 dominii,
987 939 1053 1000 et
1095 937 1381 1001 similiter
1426 955 1499 1001 ea
1544 954 1663 1016 que
1706 936 1825 1000 sibi
1872 936 2032 1001 dixit
2063 937 2332 1018 prudens
2361 935 2472 1015 vir,
2518 935 2742 1000 Petrus
2771 935 2994 1000 Bicha-

668 1057 838 1116 rano,
886 1037 1281 1122 subiungens
1329 1040 1493 1120 quod
1538 1038 1590 1103 si
1636 1040 1919 1104 volumus
1963 1059 2101 1104 cum
2146 1059 2218 1105 eo
2248 1040 2436 1121 ligam
2467 1039 2688 1118 facere,
2733 1039 2995 1105 velimus

661 1161 853 1208 unum
902 1143 998 1206 vel
1042 1143 1197 1208 duos
1241 1141 1695 1207 ambaxiatores
1742 1160 1880 1207 cum
1927 1143 2113 1225 plena
2155 1143 2498 1208 intentione
2535 1142 2616 1207 ad
2647 1159 2824 1207 suam
2853 1160 2992 1223 pre-

663 1246 929 1312 sentiam
973 1246 1239 1311 mittere.
1308 1246 1392 1310 Et
1435 1246 1640 1312 dictus
1682 1247 1942 1311 nuncius
1987 1245 2260 1311 solicitat
2301 1244 2760 1329 responsionem
2795 1262 2991 1325 suam,

667 1350 817 1432 quia
851 1349 1002 1414 dicit
1045 1350 1279 1415 dictum
1322 1351 1638 1414 (lominum
1676 1349 1906 1432 Regem
1937 1350 2181 1430 Polane,
2229 1348 2451 1415 debere
2487 1366 2622 1414 esse
2659 1366 2797 1414 cum
2826 1347 2992 1412 dicto

664 1451 833 1535 Rege
872 1451 1261 1534 Sigismundo
1298 1452 1364 1516 in
1395 1457 1562 1517 certo
1593 1451 1899 1533 colloquio
1938 1452 2003 1516 in
2043 1450 2445 1532 carnisprivio
2473 1449 2704 1515 futuro,
2770 1449 2858 1513 Et
2885 1447 2992 1514 bo-

660 1573 808 1620 num
854 1554 940 1620 sit
980 1553 1182 1620 facere
1224 1554 1392 1619 dicto
1438 1554 1661 1619 nuncio
1706 1553 2181 1635 responsionem.
2251 1553 2448 1618 Vadit
2491 1570 2653 1635 parS,
2701 1551 2866 1634 quod
2895 1570 2991 1617 re-

661 1659 1041 1740 spondeatur
1083 1657 1248 1722 dicto
1296 1657 1541 1736 nunci0,
1588 1658 1754 1739 quod
1796 1661 2120 1738 gratanter
2155 1656 2498 1738 recepimus
2540 1655 2786 1720 litteras
2818 1649 2992 1720 Sere-

659 1760 904 1826 nissimi
947 1760 1180 1826 domini
1223 1761 1349 1841 sui,
1388 1764 1453 1824 et
1496 1760 1842 1826 audivimus
1886 1779 1980 1840 ea,
2026 1779 2146 1841 que
2189 1759 2525 1842 prudenter
2567 1758 2868 1839 exposuit,
2917 1776 2991 1823 ex

660 1870 843 1947 parte
884 1864 1117 1930 domini
1160 1864 1256 1929 sui
1300 1865 1580 1946 predicti.
1664 1864 1750 1929 Et
1792 1864 1871 1928 ad
1916 1862 2150 1928 factum
2194 1863 2332 1944 lige,
2365 1862 2644 1941 dicimus,
2691 1860 2856 1943 quod
2899 1859 2992 1924 in-

658 1967 856 2033 tentio
913 1973 1130 2033 nostra.
1186 1973 1300 2048 est,
1370 1968 1448 2033 de
1509 1966 1790 2033 habendo
1858 1967 2052 2048 ligam
2120 1984 2260 2032 cum
2323 1966 2490 2030 dicto
2553 1963 2800 2030 domino
2860 1981 2996 2043 suo,

663 2074 879 2136 contra
924 2069 1159 2136 dictum
1205 2069 1433 2150 Regem
1482 2069 1956 2150 sigismundum,
2003 2068 2318 2133 inimicum
2366 2085 2544 2133 suum
2589 2070 2654 2132 et
2689 2070 2989 2145 nostrum,

666 2173 765 2238 cui
808 2171 963 2254 Regi
1004 2170 1410 2254 Sigismoudo,
1470 2171 1595 2236 iam
1658 2171 1998 2253 incepimus
2061 2170 2326 2248 obstare,
2393 2188 2472 2235 ne
2533 2168 2869 2235 descendat
2911 2168 2992 2233 ad

657 2281 871 2357 partes
913 2273 1113 2354 Italic,
1159 2275 1241 2339 ad
1284 2274 1706 2356 accipiendum
1753 2291 2052 2338 coronam
2095 2271 2362 2354 Imperii,
2409 2276 2475 2337 et
2516 2272 2611 2337 ita
2645 2289 2858 2337 sumus
2900 2271 2992 2337 di-

662 2377 883 2461 spositi
930 2376 1150 2457 facere,
1197 2380 1262 2442 et
1305 2376 1555 2442 obviare
1588 2375 1911 2442 descensui
1954 2393 2066 2441 suo
2109 2392 2222 2455 per
2252 2378 2484 2439 terram
2513 2379 2579 2439 et
2606 2393 2717 2456 per
2745 2392 2988 2455 aquam.

659 2479 778 2546 Sed
832 2481 981 2563 quia
1040 2481 1319 2563 requirit,
1386 2485 1459 2544 ut
1524 2479 1605 2544 ad
1676 2478 2054 2561 presentiam
2120 2495 2297 2542 suam
2354 2477 2681 2543 mittamus
2744 2479 2991 2542 nostros

666 2583 1141 2665 ambaxiatoreS,
1186 2583 1482 2663 videmuS,
1530 2586 1786 2666 propter
1829 2580 2012 2647 breve
2037 2585 2282 2663 tempus
2311 2581 2477 2663 quod
2507 2586 2829 2663 estusque
2858 2598 2992 2645 car·

661 2686 1044 2769 nisprivium,
1087 2687 1205 2752 hoc
1246 2690 1375 2752 tam
1422 2686 1545 2751 cito
1590 2684 1793 2751 facere
1835 2702 1960 2749 non
2003 2702 2200 2765 posse.
2280 2683 2367 2748 Et
2410 2684 2574 2765 quod
2617 2684 2699 2748 ad
2743 2683 2992 2747 obstan-

660 2790 807 2855 dum
850 2794 1061 2871 presto
1106 2788 1427 2854 descensui
1474 2806 1586 2853 suo
1629 2788 1695 2851 in
1732 2786 1982 2851 Italiam
2043 2785 2382 2850 remedium
2445 2784 2830 2851 salutiferum
2875 2788 2990 2864 est,

661 2897 735 2956 ut
776 2891 1219 2957 Serenissimus
1269 2890 1553 2956 dominus
1598 2908 1746 2955 suus
1797 2888 1968 2968 velit,
2039 2905 2116 2954 ex
2174 2891 2354 2970 parte
2407 2906 2518 2952 sua
2569 2886 2771 2952 facere
2813 2903 2994 2967 posse

660 3014 867 3075 suum,
938 2999 1004 3059 et
1068 2992 1369 3075 impedire
1435 2992 1796 3058 descensum
1873 3009 2074 3070 suum,
2142 2990 2290 3072 quia
2351 3008 2527 3055 mora
2589 2992 2686 3055 est
2753 2988 2993 3071 pericu-

662 3100 815 3178 losa,
862 3097 1298 3163 nichilominus
1342 3114 1527 3177 super
1568 3093 1734 3160 facto
1781 3094 1946 3160 dicte
1987 3094 2127 3176 lige,
2173 3091 2498 3158 scribimus
2541 3090 2727 3157 Petro
2770 3091 2993 3156 Bicha-

660 3219 814 3267 rano
860 3205 1137 3266 nostram
1178 3198 1585 3263 intentionem
1633 3203 1821 3279 prout
1880 3201 2168 3262 oretenus
2222 3194 2554 3278 explicabit
2589 3194 2837 3260 domino
2880 3211 2992 3259 suo

661 3304 955 3387 predicto.
1568 3347 1581 3359 .

864 3404 1053 3471 Petro
1098 3408 1306 3470 autem
1349 3404 1697 3470 Bicharano
1727 3402 2040 3469 scribatur
2082 3404 2148 3467 in
2191 3402 2308 3467 hac
2339 3400 2552 3467 forma.
2627 3400 2830 3479 Petre,
2875 3398 2993 3463 fui-

660 3528 799 3575 mus
840 3507 1154 3575 informati
1198 3525 1312 3588 per
1354 3508 1570 3573 literas
1613 3506 2001 3573 Serenissimi
2045 3504 2278 3571 domini
2320 3502 2508 3585 Regis
2553 3502 2800 3581 Polane,
2861 3520 2994 3567 cor-

661 3611 843 3679 dialis
872 3611 1055 3677 amici
1085 3609 1302 3690 nostri,
1345 3609 1423 3675 de
1450 3609 1549 3675 his
1577 3628 1699 3692 que
1726 3607 1841 3674 sibi
1873 3608 2104 3673 dixisti.
2173 3606 2432 3671 Fuimus
2460 3605 2648 3670 etiam
2679 3602 2993 3668 informati

660 3735 773 3799 per
810 3714 1027 3779 literas
1069 3718 1214 3777 tuas
1274 3730 1460 3795 super
1512 3712 1677 3778 facto
1732 3711 2028 3794 predicto,
2091 3714 2156 3775 et
2208 3710 2286 3774 de
2328 3706 2725 3789 responsione
2779 3705 2996 3771 habita.

665 3836 704 3883 a
731 3817 899 3882 dicto
928 3816 1176 3882 domino
1204 3814 1389 3897 Rege,
1421 3817 1487 3879 et
1514 3831 1625 3879 suo
1657 3811 1934 3893 consilio,
1978 3816 2043 3877 et
2080 3810 2366 3875 similiter
2393 3809 2738 3875 audivimus
2767 3807 2992 3887 omnia,

660 3938 783 4002 que
821 3918 1085 3984 nuncius
1130 3936 1297 3996 suuS,
1342 3934 1527 3999 quem
1570 3916 1651 3981 ad
1692 3919 1972 3980 nostram
2003 3913 2379 3996 presentiam
2409 3911 2582 3976 misit
2607 3909 2786 3975 nobis
2815 3914 2994 3991 parte

663 4040 772 4087 sue
815 4020 1181 4086 Serenitatis
1225 4019 1533 4101 exposuit.
1621 4018 1708 4083 Et
1748 4021 2084 4101 propterea
2126 4014 2416 4080 fidelitati
2459 4019 2566 4078 tue
2609 4013 2992 4091 mandamus,

667 4127 979 4205 quatenus
1024 4140 1161 4189 esse
1201 4122 1429 4187 debeas
1458 4122 1535 4187 ad
1566 4120 1942 4203 presentiam
1980 4118 2133 4185 dicti
2164 4116 2399 4182 domini
2437 4114 2643 4198 Regia
2691 4120 2755 4179 et
2797 4114 3014 4179 nostri·

666 4232 850 4309 parte
891 4225 1094 4291 facere
1138 4223 1493 4291 amicabiles
1536 4223 1944 4288 salutationes
2001 4224 2066 4286 et
2108 4219 2471 4299 oblationes,
2529 4223 2594 4283 et
2636 4222 2852 4299 postea
2893 4234 2996 4279 ex-

660 4346 909 4412 ponere,
976 4330 1141 4412 quod
1185 4347 1298 4411 per
1354 4328 1569 4393 literas
1622 4326 1918 4409 benignas
1971 4328 2036 4389 et
2081 4339 2414 4406 generosas
2456 4338 2566 4386 sue
2609 4317 2992 4399 serenitatis,

662 4430 1082 4498 intelleximus
1125 4430 1259 4497 eius
1303 4429 1603 4513 optimam
1645 4433 1711 4497 et
1752 4428 1980 4497 bonam
2015 4426 2485 4510 dispositionem
2527 4443 2676 4511 erga
2713 4426 2996 4491 nostrum
