3793 5187
1906 411 1987 474 26

983 614 1070 679 Et
1115 614 1171 680 si
1223 634 1411 682 eausa
1467 615 1845 682 solutionum
1902 617 2269 682 ducatorum
2312 615 2474 681 VII¹¹¹
2524 615 2605 681 ad
2648 633 2806 697 quas
2862 616 3115 682 solutio-

782 737 894 783 nes
936 717 1222 783 nolumus
1255 718 1559 783 assentire
1605 718 1711 783 scd
1756 718 2008 784 liberari
2044 723 2109 784 et
2150 717 2385 784 absolvi
2428 723 2502 782 ut
2545 718 2779 784 dictum
2806 724 2904 783 est
2930 737 3117 802 supra

781 821 876 884 vel
921 821 1046 885 alia
1089 839 1277 886 causa
1318 839 1443 884 non
1487 821 1750 902 possetis
1793 819 2075 886 obtinere
2118 820 2571 886 conclusionem
2605 821 2775 903 pacis
2806 840 2919 886 nec
2946 825 3114 888 treu-

780 942 918 1006 gue,
964 922 1242 988 debeatis
1301 923 1568 988 scribere
1628 928 1693 989 et
1746 923 2080 988 informare
2119 942 2254 1003 noS‚
2313 924 2392 989 de
2434 922 2719 988 omnibus
2760 925 3007 1003 scentia
3052 927 3123 990 et

783 1026 862 1092 de
905 1026 1080 1091 novis
1109 1031 1320 1108 presto
1364 1030 1429 1091 et
1471 1025 1772 1104 ordinate,
1815 1030 1880 1091 et
1916 1030 2242 1108 expectare
2269 1029 2553 1090 nostrum
2580 1025 2961 1091 mandatum.
3030 1026 3117 1091 Et

783 1128 1033 1193 interim
1081 1127 1172 1193 ire
1215 1133 1281 1193 et
1321 1133 1489 1193 stare
1531 1128 1598 1192 in
1639 1127 1746 1192 illo
1791 1128 1926 1194 loco
1969 1132 2035 1193 et
2076 1133 2257 1210 parte
2297 1128 2361 1193 in
2404 1127 2630 1209 quibus
2672 1128 2977 1210 placuerit
3008 1129 3115 1194 do-

777 1230 946 1297 mino
987 1229 1118 1313 regi
1160 1228 1431 1295 Polonie.

1120 1333 1216 1399 De
1259 1337 1438 1415 parte
1479 1369 1564 1381 —
1609 1337 1689 1399 61
1733 1371 1819 1382 -
1866 1339 1965 1400 72.

985 1539 1099 1606 Ser
1161 1540 1455 1607 Nicolaus
1501 1540 1772 1622 victuri,
1835 1541 2095 1624 Sapiens
2161 1541 2417 1607 Consilii
2458 1577 2543 1588 -
2589 1540 2703 1608 Ser
2744 1541 3115 1609 Benedictus

787 1643 1059 1726 Cape110,
1107 1643 1365 1727 Sapiens
1406 1663 1653 1727 guerre:

983 1745 1223 1811 Volunt
1263 1747 1531 1828 primum
1577 1747 1917 1830 capitulum
1962 1747 2385 1830 suprascripte
2424 1747 2869 1814 commissionis
2904 1767 3017 1830 pro
3044 1753 3117 1813 ut

771 1851 938 1932 jacet
981 1867 1120 1914 cum
1162 1849 1574 1934 infrascriptis
1617 1851 1923 1934 capitulis.

982 1951 1154 2018 Modi
1201 1959 1408 2020 autem
1460 1975 1598 2021 cum
1644 1954 1869 2037 quibus
1913 1973 2127 2021 sumus
2170 1954 2448 2021 contenti
2498 1953 2787 2020 devenire
2829 1955 2911 2020 ad
2954 1954 3114 2020 hanc

781 2075 1000 2139 pacem
1044 2060 1108 2120 et
1148 2057 1524 2123 intentiones
1564 2063 1778 2123 nostre
1822 2062 1971 2122 sunt
2007 2055 2412 2122 effectualiter
2455 2056 2579 2121 isti.

991 2157 1198 2224 Primo
1242 2161 1525 2225 volumus
1567 2159 1815 2239 habere,
1863 2165 2093 2239 tenere,
2138 2159 2443 2224 dominari
2486 2163 2551 2224 et
2593 2159 2907 2240 possidere
2947 2159 3114 2242 paci·
3233 2163 3241 2170 “

777 2259 891 2326 fice
934 2264 1000 2325 et
1041 2261 1248 2343 quiete
1286 2267 1506 2344 terras,
1563 2262 1865 2342 civitates,
1917 2266 2142 2342 castra,
2203 2260 2437 2326 insulas
2479 2266 2545 2326 et
2588 2260 2723 2327 loca
2780 2280 2903 2344 que
2944 2267 3116 2328 tene-

779 2383 917 2429 mus
962 2362 1027 2428 in
1070 2364 1386 2430 Dalmatia
1428 2370 1494 2430 et
1528 2365 1693 2447 quod
1737 2363 2023 2430 dominus
2064 2364 2199 2428 Rex
2226 2363 2644 2428 Romanorum
2688 2368 2753 2429 et
2796 2364 3115 2448 Hungarie

778 2464 970 2532 faciat
1011 2466 1190 2533 nobis
1251 2467 1388 2532 dari
1431 2471 1496 2532 et
1539 2468 1840 2549 assignari
1885 2467 1949 2531 in
1993 2471 2209 2532 nostra
2251 2469 2565 2548 potestate
2606 2472 2672 2533 et
2714 2466 2975 2533 arbitrio
3019 2485 3114 2533 re-

778 2569 1024 2635 siduum
1090 2569 1284 2636 totius
1351 2570 1662 2636 Dalmatie
1713 2574 1778 2636 et
1840 2586 2273 2651 recognoscere
2333 2567 2711 2634 Dalmatiam
2775 2586 2815 2634 a
2866 2568 3113 2636 domino

777 2672 945 2755 Rege
987 2672 1283 2755 predict0,
1331 2692 1558 2740 corona
1600 2678 1666 2739 et
1703 2692 1890 2756 regno
1937 2672 2256 2755 Hungarie
2298 2676 2363 2736 et
2399 2671 2465 2735 in
2508 2672 2751 2753 signum
2793 2671 2979 2739 huius
3017 2692 3113 2739 re-

779 2776 1148 2857 cognitionis
1190 2778 1534 2860 presentari
1577 2775 1780 2841 facere
1837 2776 2005 2841 omni
2070 2792 2231 2839 anno
2290 2774 2539 2839 domino
2596 2774 2751 2856 Regi
2794 2774 3114 2857 Hungarie

779 2896 969 2943 unum
1017 2897 1242 2960 equmn
1285 2878 1686 2961 cohopertum
1731 2877 1829 2943 vel
1872 2896 2065 2942 unum
2109 2894 2383 2959 pannum
2426 2895 2701 2941 aureum.
2780 2876 3012 2942 Verum
3059 2878 3111 2942 si

777 2999 923 3062 pars
966 2982 1227 3047 adversa
1271 2982 1518 3048 omnino
1561 2980 1725 3047 velet
1767 2981 2091 3046 excludere
2132 2979 2473 3061 Ragusium
2518 2979 2614 3044 vel
2658 2977 2983 3061 Spalatum
3014 2980 3110 3045 vel

776 3081 958 3148 ambo
1001 3083 1170 3149 dicta
1211 3083 1350 3149 loca
1390 3083 1667 3150 debeatis
1715 3082 2198 3149 condescendere
2246 3082 2329 3147 ad
2372 3082 2438 3147 id
2478 3099 2605 3147 non
2650 3083 2954 3163 possendo
2998 3082 3111 3147 ali-

777 3190 874 3251 ter
911 3186 1134 3253 facere.

986 3288 1364 3355 Secundario
1407 3289 1691 3355 volumus
1719 3289 1884 3371 quod
1913 3292 2127 3355 nostro
2156 3287 2427 3354 dominio
2456 3287 2873 3353 restituantur
2901 3306 3113 3353 omnes

779 3395 962 3471 terre,
1005 3392 1304 3471 civitates
1350 3396 1558 3457 castra
1585 3398 1650 3467 et
1677 3391 1816 3457 loca
1843 3391 2192 3473 ubicunque
2235 3390 2364 3457 sint
2390 3392 2515 3457 sita
2542 3409 2665 3473 que
2693 3389 2873 3457 nobis
2904 3388 3114 3455 ablate

777 3498 924 3558 sunt
987 3512 1100 3575 per
1154 3499 1371 3576 gentes
1426 3494 1524 3561 vel
1582 3512 1877 3576 sequaces
1916 3493 2142 3575 prefati
2183 3492 2417 3558 domini
2460 3493 2648 3575 Regis
2688 3492 3111 3559 Romanorum

775 3601 841 3661 et
883 3596 1204 3679 Hungarie
1269 3598 1366 3663 vel
1419 3598 1836 3680 reperirentur
1899 3597 2109 3663 ablate
2168 3615 2304 3663 esse
2364 3602 2642 3678 tempore
2700 3594 3112 3663 conclusionis

780 3700 952 3782 pacis
993 3699 1092 3765 vel
1135 3692 1464 3776 concordii.

979 3802 1189 3870 Tertio
1231 3804 1398 3885 quod
1460 3802 1664 3868 dictus
1719 3801 2008 3868 dominus
2047 3802 2180 3866 Rex
2223 3802 2643 3868 Romanorum
2681 3806 2747 3867 et
2788 3799 3109 3883 Hungarie

777 3905 1077 3986 promitat
1127 3924 1239 3987 per
1281 3924 1365 3987 se,
1423 3906 1680 3971 heredes
1733 3911 1797 3970 et
1855 3922 2239 3971 successores
2292 3922 2435 3969 suos
2479 3921 2603 3968 non
2647 3901 2957 3968 offendere
2997 3921 3113 3969 nec

777 4008 1110 4073 molestare
1152 4026 1266 4074 nee
1307 4008 1657 4089 inquietare
1691 4026 1808 4073 nec
1851 4005 2104 4071 turbare
2138 4007 2236 4071 vel
2280 4005 2517 4088 aliquid
2561 4009 2771 4089 petere
2816 4024 2855 4069 a
2896 4010 3111 4071 nostro

779 4110 1052 4175 dominio
1098 4129 1212 4193 pro
1255 4112 1465 4194 aliqua
1505 4111 1774 4191 civitate,
1822 4115 2009 4190 terra,
2060 4114 2285 4191 castro,
2318 4110 2451 4175 loco
2495 4108 2592 4174 vel
2631 4108 2947 4173 territorio
2990 4127 3112 4190 que

775 4212 1078 4280 habemus
1121 4219 1185 4280 et
1228 4214 1612 4297 possidemus
1670 4215 1735 4279 in
1784 4213 2011 4296 quibus
2069 4212 2167 4279 vel
2225 4214 2290 4277 in
2353 4231 2615 4294 quorum
2658 4212 2867 4294 aliquo
2910 4211 3110 4291 Impe-

771 4315 932 4382 rium
976 4315 1237 4385 haberet
1277 4318 1376 4384 vel
1417 4316 1647 4383 habere
1701 4316 2097 4398 pretenderet
2140 4315 2375 4397 aliquid
2406 4315 2530 4397 JuS,
2588 4314 3099 4398 jurisdictionem²
