3793 5187
1800 627 1929 694 205

711 837 1071 920 Principem
1117 835 1442 917 sapienter
1488 851 1656 900 nunc
1700 837 1801 898 est
1840 831 2129 899 relatum.
2214 831 2412 898 Vadit
2453 851 2603 916 pars
2654 835 2821 916 quod
2866 833 3051 902 dictis

715 938 1095 1020 oratoribus,
1134 935 1602 1020 respondeatur
1639 934 1708 1002 in
1749 933 1869 1002 bec
1910 933 2126 1002 verba.

913 1038 1328 1107 Reverendus
1371 1043 1558 1121 pater
1602 1043 1672 1104 et
1712 1035 2039 1121 Magnifici
2076 1036 2313 1104 domini
2355 1044 2658 1106 oratores.
2734 1039 3053 1108 Intellexi-

703 1160 850 1212 mus
891 1143 959 1209 id
1005 1141 1178 1225 qnod
1221 1139 1778 1208 Reverendissima
1821 1139 2167 1206 dominatio
2209 1145 2274 1207 et
2314 1139 2793 1224 Magnificencie
2836 1150 3052 1212 vestre

713 1245 1044 1329 nuperime
1086 1260 1494 1327 proposuere,
1555 1247 1706 1325 post
1745 1246 2029 1309 nostram
2093 1243 2221 1310 illis
2282 1242 2496 1310 datam
2560 1246 3050 1327 responsionem.

707 1348 796 1414 Et
836 1347 1135 1430 quoniam
1203 1344 1547 1428 superinde
1620 1345 1881 1427 cupiunt
1946 1344 2233 1428 accipere
2294 1345 2703 1413 intentionem
2772 1353 3052 1415 nostram

705 1448 1236 1533 respondebimus
1281 1449 1554 1531 ingenue
1600 1464 1743 1514 cum
1781 1463 1860 1513 ea
1889 1446 2294 1530 synceritate‚
2340 1465 2529 1529 quam
2576 1451 2941 1532 expostulat
2982 1451 3053 1517 fi-

713 1553 882 1620 lialis
930 1551 1183 1620 devotio
1228 1557 1294 1617 et
1333 1550 1764 1617 vetustissima
1827 1554 2023 1631 atque
2086 1549 2459 1634 integerima
2514 1551 2792 1617 amicitia
2832 1560 3053 1621 nostra

703 1675 868 1739 erga
921 1654 1261 1722 Cesaream
1327 1651 1780 1719 Celsitudinem
1845 1657 1914 1716 et
1979 1650 2430 1719 Serenissimos
2498 1651 2922 1721 Romanorum
2988 1665 3055 1723 et

707 1757 974 1825 Polonie
1011 1775 1210 1841 reges.
1285 1755 1462 1822 Certi
1505 1755 1701 1839 igitur
1743 1752 2071 1820 reddimur
2114 1753 2488 1822 Maiestates
2533 1755 2705 1838 ipsas
2758 1756 2916 1822 haut
2959 1759 3052 1824 la-

705 1865 848 1929 tere
892 1859 1061 1942 quod
1103 1859 1247 1924 illas
1290 1858 1481 1925 sicuti
1521 1858 1586 1923 in
1647 1855 2019 1940 precedenti
2084 1856 2487 1940 responsione
2552 1858 2822 1926 diximus
2882 1860 3053 1928 ultra

709 1962 1084 2046 precipuum
1149 1977 1226 2027 ac
1299 1959 1686 2043 singularem
1759 1959 2216 2025 Reverenciam
2291 1959 2731 2044 syncerissimo
2802 1981 3053 2046 quoque

709 2065 943 2131 amoris
991 2069 1056 2130 et
1099 2061 1529 2129 benivolentie
1570 2061 1809 2129 affectu
1854 2064 2318 2145 prosequimur.
2404 2063 2605 2142 Quam
2652 2065 2907 2147 quidem
2950 2065 3055 2134 be-

708 2165 1119 2233 nivolentiam
1190 2164 1499 2230 eiusmodi
1567 2181 1710 2230 esse
1779 2163 2002 2246 procul
2047 2163 2240 2231 dubio
2310 2171 2545 2248 tenete,
2609 2172 2685 2232 ut
2731 2168 3059 2238 carissima

709 2269 896 2337 nobis
938 2269 1069 2336 sint
1112 2285 1505 2350 quecumque
1547 2281 1669 2334 sua
1712 2269 2056 2348 commoda,
2127 2285 2203 2334 ac
2270 2268 2470 2333 omnis
2515 2275 2799 2335 statuum
2845 2276 2915 2335 et
2955 2291 3057 2338 re-

707 2392 848 2440 rum
889 2389 1148 2438 suarum
1185 2370 1492 2437 securitas
1536 2373 1738 2450 atque
1780 2368 2053 2435 felicitas
2116 2371 2547 2452 maximopere
2613 2388 2653 2436 a
2719 2372 2900 2439 nobis
2940 2392 3054 2456 op-

695 2480 878 2554 ·tata;
949 2491 1068 2540 nec
1129 2471 1370 2554 aliquid
1439 2470 1878 2537 delectabilius
1944 2468 2125 2537 nobis
2188 2477 2375 2552 esset⁷
2447 2491 2527 2538 ex
2576 2491 2701 2554 quo
2747 2474 3054 2542 maiorem

709 2578 1109 2661 voluptatem
1153 2580 1218 2642 et
1261 2574 1454 2641 animi
1517 2573 2021 2641 satisfactionem
2082 2575 2569 2657 conciperemus,
2639 2593 2830 2658 quam
2886 2579 3057 2661 quod

708 2701 848 2750 cum
895 2678 1366 2763 gratificatione
1406 2695 1738 2761 possemus
1781 2676 2021 2744 eisdem
2062 2676 2508 2744 Maiestatibus
2546 2680 2886 2747 ostendere
2926 2700 3051 2764 que

697 2786 794 2850 sit
839 2801 994 2849 vera
1037 2780 1282 2848 affectio
1328 2780 1536 2847 cordis
1572 2780 1778 2846 nostri
1819 2780 1886 2843 in
1929 2779 2072 2845 illas
2117 2787 2570 2863 cognoscerent
2614 2782 2799 2862 enim,
2880 2786 3053 2865 quod

699 2886 896 2953 sicuti
935 2884 1290 2952 liberaliter
1323 2881 1563 2948 fuimus
1603 2882 1879 2966 prompti
1902 2900 2144 2948 morem
2164 2900 2389 2966 gerere
2420 2885 2621 2966 prime
2655 2886 3055 2967 requisitioni

713 2991 780 3055 in
823 2986 1225 3070 suscipienda
1262 2985 1578 3069 provintia
1643 2983 1965 3051 scribendi
2028 3002 2145 3067 pro
2215 3003 2373 3067 pace
2440 2992 2554 3053 aut
2605 2988 2867 3053 indutiis
2916 3006 3055 3055 cum

721 3092 946 3172 Turco‚
991 3090 1084 3156 ita
1124 3090 1194 3153 in
1235 3088 1478 3154 cunctis
1521 3086 1807 3169 reliquis,
1855 3104 1981 3168 que
2022 3086 2291 3154 honeste
2345 3092 2413 3153 et
2454 3091 2898 3156 convenienter
2936 3110 3054 3173 per

703 3212 826 3261 nos
864 3190 1007 3258 fieri
1047 3195 1310 3275 possent
1349 3207 1601 3273 semper
1645 3188 1888 3255 animus
1948 3193 2169 3255 noster
2230 3207 2583 3273 propensus
2648 3197 2818 3258 esset
2860 3199 3054 3275 atque

705 3300 995 3380 paratus.
1083 3293 1320 3359 Verum
1368 3308 1493 3372 quo
1539 3291 1622 3357 ad
1669 3309 1802 3357 rem
1869 3296 2240 3373 tangentem
2304 3292 2634 3376 Hungarie
2698 3312 2913 3377 regem
2960 3297 3052 3361 di-

711 3404 986 3483 gnentur
1029 3394 1406 3462 Maiestates
1455 3412 1571 3459 sue
1613 3411 1729 3476 pro
1776 3411 1993 3457 earum
2051 3393 2362 3477 sapientia
2404 3400 2471 3461 et
2514 3394 2801 3463 bonitate
2850 3400 3055 3465 consi-

697 3502 960 3579 -derare,
1008 3497 1178 3580 quod
1223 3517 1364 3564 cum
1406 3495 1541 3561 iam
1589 3496 1941 3562 diutissime
2000 3496 2179 3564 nobis
2222 3498 2417 3565 fuerit
2458 3517 2585 3583 pax
2630 3518 2771 3565 cum
2813 3499 2945 3577 illo,
2990 3507 3057 3566 et

712 3602 1024 3685 plurimos
1066 3617 1266 3665 annos
1311 3600 1530 3682 quiete
1565 3599 1732 3665 inter
1796 3617 1912 3665 nos
1974 3600 2311 3665 vixerimus
2377 3601 2549 3667 nulla
2612 3601 2693 3667 ab
2749 3621 2825 3668 eo
2869 3602 3053 3668 nobis

704 3704 1066 3771 offensione
1124 3702 1330 3783 illata,
1380 3706 1682 3784 putamus
1746 3701 2190 3769 Maiestatibus
2253 3701 2489 3767 eisdem
2554 3722 2679 3770 non
2738 3704 3053 3788 ingratam

712 3827 854 3875 esse
900 3807 1131 3873 debere
1177 3806 1346 3871 dicte
1387 3806 1560 3887 pacis
1600 3805 2159 3885 conservationem,
2226 3804 2479 3886 quando
2545 3806 2816 3873 maxime
2864 3808 3053 3873 Cesa-

705 3930 828 3977 rea
872 3910 1180 3976 Maiestas
1224 3908 1345 3974 hoc
1407 3926 1572 3973 anno
1621 3908 1972 3989 periculum
2038 3908 2119 3974 de
2183 3907 2366 3973 nobis
2433 3914 2498 3975 et
2559 3910 3056 3993 promptitudine

717 4012 911 4078 animi
954 4012 1164 4078 nostri
1206 4009 1455 4091 fecerit,
1529 4011 1637 4092 qui
1703 4008 1812 4075 ubi
1875 4010 2145 4076 vidimus
2215 4009 2613 4093 Hungaricas
2684 4012 2900 4095 copias
2945 4031 3056 4095 ag-

701 4114 895 4198 gredi
935 4114 1082 4181 loca
1123 4115 1238 4181 hec
1307 4131 1423 4179 sua
1482 4112 1664 4179 nobis
1721 4113 2045 4180 convicina
2109 4113 2473 4197 posthabito
2518 4131 2911 4196 quocumque
2952 4134 3056 4181 re-

710 4222 940 4300 spectu
988 4215 1070 4281 ob
1118 4214 1535 4280 affectuosum
1578 4214 1857 4281 studium
1902 4233 1977 4281 ac
2021 4216 2245 4299 ingens
2294 4215 2691 4297 desiderium,
2731 4235 2854 4300 quo
2901 4236 3057 4301 erga

717 4319 922 4402 ipsam
965 4317 1366 4399 Imperialem
1413 4314 1862 4382 Celsitudinem
1928 4322 2272 4398 teneamur,
2337 4335 2414 4383 ea
2474 4319 2715 4400 egimus
2756 4338 2872 4401 per
2932 4339 3055 4401 que

715 4421 1030 4488 dictorum
1075 4420 1355 4486 locorum
1397 4417 1694 4485 liberatio
1738 4424 1961 4486 secuta
2002 4424 2131 4501 est;
2200 4420 2253 4484 Ο
2442 4438 2621 4485 amus
2656 4420 2802 4488 ideo
2846 4422 3057 4505 prefa-

703 4532 817 4591 ‹tas
859 4524 1233 4590 maiestates
1275 4523 1402 4587 sint
1447 4526 1766 4602 contente,
1809 4526 1884 4588 ut
1926 4522 2007 4589 ad
2052 4420 2548 4625 nulluffium
2611 4528 2823 4588 actum
2868 4523 3057 4591 deve·
