3793 5187
1954 479 2040 547 34

829 680 973 766 niei,
1033 681 1429 767 expendendo
1488 683 1555 748 in
1608 683 1727 751 hoe
1785 690 2021 768 quanto
2077 685 2283 752 minus
2324 685 2612 770 poteritis
2653 691 2720 754 et
2763 706 2952 770 quam
3000 685 3166 772 pluri

832 789 1128 854 honorem
1160 786 1361 852 nostri
1392 785 1666 867 dominii,
1714 792 1780 852 et
1822 791 2067 854 tantum
2105 788 2246 871 plus
2276 793 2342 853 et
2371 792 2616 854 tantum
2645 790 2849 856 minus
2876 792 2943 856 in
2972 810 3166 875 quan-

832 892 1017 956 titate
1060 889 1319 972 pecunie
1361 893 1666 972 quantum
1708 890 1830 956 erit
1872 889 2145 957 brevitas
2187 890 2284 956 vel
2326 890 2649 974 longitudo
2673 893 2969 974 temporis
2999 899 3165 960 treu-

828 1013 949 1078 gue
988 994 1068 1059 ad
1114 1012 1303 1075 quam
1342 992 1729 1058 deveniretiS.

1031 1096 1120 1162 Et
1161 1098 1227 1162 in
1264 1096 1431 1162 omni
1474 1115 1625 1162 casu
1667 1114 1789 1179 quo
1832 1101 2198 1163 remaneant
2225 1097 2302 1163 de
2331 1097 2517 1163 terris
2558 1101 2623 1162 et
2664 1097 2818 1163 locis
2847 1098 3159 1164 Dalmatie

830 1202 898 1266 in
942 1198 1229 1267 manibus
1272 1203 1338 1265 et
1379 1199 1661 1281 potentia
1696 1199 1931 1265 domini
1959 1200 2164 1282 RegiS,
2211 1199 2436 1265 debeat
2477 1201 2797 1282 procurari
2839 1202 3004 1283 quod
3041 1219 3164 1266 non

832 1305 1010 1372 dabit
1036 1307 1372 1384 receptum,
1412 1302 1746 1368 transitum
1790 1306 1906 1367 ete.
1951 1302 2015 1367 in
2059 1301 2362 1384 portubus
2404 1321 2519 1368 nec
2561 1304 2746 1369 terris
2777 1304 2902 1369 illis
2933 1304 3164 1369 nostris

828 1405 1093 1472 inimicis
1135 1405 1234 1469 vel
1275 1403 1625 1470 volentibus
1671 1404 1881 1469 venire
1927 1405 2007 1470 ad
2051 1405 2279 1470 damna
2321 1411 2555 1471 nostra.

1131 1507 1227 1573 De
1266 1510 1447 1590 parte
1744 1511 1839 1572 18.

1131 1610 1227 1676 De
1268 1627 1393 1675 non
1781 1613 1843 1674 4.

1132 1712 1277 1778 Non
1320 1711 1544 1778 sinceri
1608 1715 1841 1776 9—13.

1015 1849 1279 1920 (Archivio
1314 1849 1374 1902 da·
1406 1847 1559 1903 Scato
1594 1849 1649 1902 in
1693 1847 1928 1916 Venezia,

898 1937 1117 1992 Senato
1155 1935 1397 2005 Secreti,
1432 1935 1583 2006 Reg.
1618 1933 1688 2004 V,
1726 1951 1773 1988 e.
1812 1933 2054 2004 13—15.)

1884 2243 2102 2318 XIV.
2349 2314 2356 2320 .

1595 2380 1940 2449 mccccxll.
1989 2382 2084 2448 die
2127 2381 2192 2448 Χ.
2238 2380 2392 2446 Maii.

1033 2533 1180 2621 (Ser
1209 2533 1504 2601 Nicolaus
1533 2533 1780 2599 Victuri
1826 2533 2086 2617 Sapiens
2117 2532 2392 2615 Consilii,
2441 2551 2542 2600 ser
2582 2533 2624 2600 J
2625 2533 2900 2602 ohannes
2932 2535 3009 2603 de
3039 2533 3157 2603 Ca-

823 2636 1046 2702 resinis
1090 2635 1351 2719 Sapiens
1394 2636 1729 2717 ordinum).

1032 2738 1189 2805 Cum
1232 2758 1343 2821 per
1385 2740 1831 2823 expositionem
1874 2738 2244 2806 venerabilis
2287 2740 2405 2805 viri
2445 2738 2732 2822 magistri
2773 2738 2953 2806 Pauli
2990 2740 3157 2807 ordi-

820 2840 920 2905 nis
977 2840 1417 2907 heremitarum
1463 2842 1572 2925 qui
1614 2843 1801 2909 rediit
1857 2861 2056 2925 nuper
2101 2840 2469 2908 ambaxator
2510 2860 2551 2907 a
2591 2842 2996 2909 Serenissimo
3048 2844 3157 2909 do-

822 2943 991 3008 mino
1027 2944 1196 3027 Rege
1238 2944 1509 3026 Polonie,
1577 2944 1895 3011 videamus
1958 2944 2122 3010 clare
2181 2945 2442 3010 eundem
2485 2945 2851 3027 magistrum
2895 2944 3158 3010 Paulum

820 3046 1085 3112 multum
1129 3047 1397 3113 traxisse
1441 3048 1518 3113 de
1560 3052 1785 3128 mente,
1832 3051 1898 3112 et
1941 3046 2286 3113 intentione
2327 3046 2560 3112 domini
2591 3046 2802 3129 Regis,
2848 3045 2956 3129 qui
2983 3046 3155 3129 large

821 3151 1115 3232 apparuit
1158 3151 1276 3217 sibi
1320 3158 1591 3217 mentem
1634 3169 1829 3231 suam,
1887 3154 1953 3216 et
1989 3150 2252 3216 ulterius
2306 3149 2631 3233 requisivit
2673 3154 2748 3215 ut
2789 3148 2922 3232 ipse
2965 3149 3157 3231 magi-

820 3257 951 3317 ster
993 3253 1227 3320 Paulus
1270 3257 1685 3319 reverteretur
1728 3254 1809 3319 ad
1851 3252 2050 3318 dietas
2093 3258 2335 3335 partes3
2397 3256 2462 3318 et
2521 3252 2929 3332 considerato,
2993 3251 3158 3333 quod

826 3354 989 3419 idem
1035 3359 1136 3420 est
1176 3354 1443 3420 multum
1487 3354 1719 3437 optime
1761 3353 2144 3443 informatus·
2175 3354 2253 3421 de
2291 3353 2548 3437 agendis
2589 3359 2655 3419 et
2689 3351 2934 3436 juribus
2959 3352 3160 3419 nostri

822 3456 1098 3538 dominii,
1147 3459 1440 3540 quoniam
1484 3458 1639 3523 alias
1684 3458 1749 3523 in
1791 3456 2139 3540 Hungaria‚
2201 3461 2266 3523 et
2307 3476 2471 3523 nunc
2514 3458 2580 3522 in
2621 3457 2744 3522 ista
2780 3454 3158 3522 ambassiata

822 3558 1032 3624 omnia
1075 3560 1427 3642 praticavit,
1471 3560 1699 3627 bonum
1744 3564 1809 3625 et
1850 3560 2006 3626 utile
2049 3560 2135 3625 sit
2177 3560 2496 3626 remittere
2539 3559 2798 3625 eundem
2838 3559 2920 3624 ad
2948 3563 3160 3641 partes

821 3657 1099 3743 Polonie,
1144 3667 1219 3727 ut
1262 3662 1347 3728 sit
1388 3680 1528 3729 cum
1570 3662 1805 3727 nostris
1848 3660 2354 3728 ambaxatoribus
2397 3661 2565 3728 dieta
2605 3662 2683 3727 de
2720 3678 2940 3741 causa;
2986 3660 3160 3727 vadit

818 3780 987 3844 pars,
1047 3763 1212 3845 quod
1259 3762 1422 3829 idem
1465 3764 1761 3846 magister
1802 3763 2036 3830 Paulus
2094 3764 2330 3830 remitti
2386 3763 2612 3830 debeat
2653 3764 2732 3829 ad
2775 3762 2974 3830 dictas
3016 3782 3157 3846 par-

821 3869 917 3931 tes
960 3882 1101 3930 cum
1142 3864 1542 3948 infrascripta
1588 3865 2033 3932 commissione.

1020 3967 1152 4034 Nos
1192 3968 1465 4035 Michael
1504 3966 1693 4035 Steno
1735 3968 1853 4033 Dei
1900 3969 2108 4052 gratia
2148 3968 2274 4035 dux
2317 3969 2721 4035 Venetiarum
2765 3973 2880 4033 ete.
2973 3966 3155 4035 Com·

816 4072 1123 4138 mittimus
1164 4072 1340 4139 vobis
1382 4073 1722 4139 venerabili
1762 4073 1916 4155 viro,
1963 4072 2262 4155 magistro
2309 4072 2504 4138 Paulo
2548 4070 2783 4137 ordinis
2822 4070 3154 4136 heremita-

818 4193 957 4239 rum
1000 4180 1064 4241 et
1108 4194 1281 4242 sacre
1310 4174 1620 4258 theologie
1656 4174 2013 4258 professori,
2057 4180 2366 4257 quatenus
2396 4193 2535 4240 cum
2565 4172 2915 4240 rediveritis
2943 4179 3157 4240 noster

818 4278 1184 4344 ambaxator
1220 4298 1260 4344 a
1302 4276 1706 4344 Serenissimo
1753 4278 2004 4344 domino
2063 4278 2229 4359 Rege
2273 4277 2544 4358 Polonie‚
2609 4280 2674 4341 et
2731 4274 2912 4342 nobis
2955 4276 3156 4342 multa

817 4380 895 4445 de
939 4380 1286 4448 intentione
1328 4380 1554 4463 prefati
1614 4382 1847 4447 domini
1890 4380 2078 4463 Regis
2116 4379 2542 4462 exposueritis,
2605 4378 2883 4445 debeatis
2924 4380 3153 4447 idcirco
