3793 5187
1924 464 2013 528 42

798 666 1173 749 oratoribuS,
1220 672 1286 734 et
1329 667 1396 733 in
1436 687 1563 735 non
1601 668 2067 751 consentiendo,
2125 669 2292 752 quod
2345 667 2524 735 nobis
2567 666 2977 736 rescriberent
3018 667 3132 734 ali-

799 772 949 854 quid
993 791 1108 854 pro
1153 773 1536 854 expectando
1571 777 1858 839 nostrum
1900 772 2281 854 mandatum,
2332 791 2453 855 que
2495 772 2704 838 omnia
2746 791 2962 839 sumus
3004 790 3134 839 cer-

801 875 1050 955 tissimi,
1106 876 1559 959 displicuerunt
1600 881 1804 942 vestre
1857 875 2199 957 clementie,
2266 880 2435 942 certe
2490 875 2796 958 loquendo
2855 894 2995 942 cum
3038 894 3135 942 re-

798 979 1078 1044 verentia
1120 997 1245 1044 non
1289 979 1559 1061 fuerunt,
1599 998 1715 1047 nec
1759 984 1907 1046 sunt
1948 979 2127 1062 signa
2168 978 2419 1046 nolendi
2461 979 2673 1046 videre
2709 978 3132 1061 expersionem

799 1082 1118 1164 sanguinis
1175 1083 1519 1162 christiani,
1579 1101 1704 1148 non
1759 1100 2089 1166 possumus
2150 1100 2276 1148 non
2332 1081 2549 1148 mirari
2608 1083 2685 1148 de
2747 1082 2859 1148 tali
2902 1085 3137 1147 tracta-

803 1189 1034 1264 mento,
1076 1204 1203 1251 non
1240 1185 1600 1251 dubitantes
1628 1185 1818 1252 etiam
1849 1203 1974 1250 non
2002 1185 2209 1250 minus
2240 1184 2615 1251 admiratam
2644 1183 2835 1250 fuisse
2864 1189 3137 1250 vestram

804 1287 1235 1369 Serenitatem,
1296 1307 1483 1370 quam
1539 1289 1693 1354 certi
1740 1307 1955 1354 sumus
2009 1287 2239 1354 habere
2286 1288 2579 1354 memorie
2622 1306 2712 1368 ea,
2767 1305 2889 1369 que
2928 1290 3139 1353 vestra

805 1391 1133 1457 clementia
1174 1392 1452 1474 precepit
1500 1391 1836 1457 venerabili
1894 1390 2211 1473 magistro,
2273 1388 2455 1456 fratri
2497 1390 2691 1456 Paulo
2739 1395 2954 1456 nostro
2997 1408 3137 1456 ora-

804 1494 946 1574 tori,
993 1494 1172 1560 nobis
1215 1497 1426 1558 vestra
1469 1499 1648 1576 parte
1692 1494 1971 1575 dicenda,
2016 1494 2295 1561 dolemus
2324 1494 2532 1574 etiam,
2579 1497 2645 1560 et
2680 1491 3135 1576 displicentiam

804 1614 930 1662 non
975 1614 1234 1680 parvam
1278 1595 1598 1676 sensimus
1642 1596 1808 1677 quod
1851 1595 2294 1664 Serenissimus
2337 1596 2624 1664 dominus
2658 1595 2795 1662 Rex
2827 1596 3137 1661 Romano-

806 1719 946 1764 rum
991 1705 1056 1766 et
1097 1699 1436 1782 Hungarie,
1489 1697 1758 1764 noluerit
1804 1700 2127 1766 ostendere
2172 1701 2359 1767 etiam
2404 1699 2794 1766 clementiam
2839 1717 3014 1764 suam
3056 1700 3137 1764 ad

803 1821 1017 1885 pacem
1062 1801 1400 1882 nobiscum,
1447 1801 1596 1883 quia
1637 1800 1692 1866 si
1735 1801 2049 1884 voluisset,
2094 1803 2262 1885 quod
2289 1806 2499 1868 vestra
2534 1801 2789 1885 grandis
2831 1801 3137 1884 sapientia

804 1905 1271 1988 particulariter
1330 1905 1624 1986 audisset,
1693 1909 1758 1970 et
1809 1905 2225 1971 examinasset
2282 1906 2426 1988 jnra
2489 1909 2722 1985 nostra,
2792 1908 2858 1970 et
2912 1903 3138 1970 bonam

803 2014 995 2090 atquc
1057 2007 1376 2090 pacificam
1428 2007 1838 2073 intentionem
1891 2013 2189 2088 nostram,
2260 2013 2469 2074 vestra
2527 2005 2843 2073 Serenitas
2885 2007 3140 2072 vidisset

807 2115 872 2177 et
921 2111 1308 2192 cognovisset
1351 2113 1620 2176 mentem
1665 2115 1730 2177 et
1769 2111 2237 2194 dispositionem
2282 2115 2561 2178 nostram
2612 2129 2746 2177 esse
2786 2115 3139 2194 promptam

805 2218 871 2280 et
911 2217 1197 2297 paratam
1241 2213 1322 2279 ad
1358 2232 1576 2296 pacem
1618 2212 1862 2294 bonam,
1920 2214 2083 2280 sicut
2139 2214 2328 2280 etiam
2382 2232 2597 2280 sumus
2632 2215 2713 2280 ad
2756 2232 3029 2297 presenS,
3075 2217 3141 2278 et

808 2335 1053 2399 semper
1091 2316 1338 2396 en'muS,
1385 2320 1458 2382 ut
1499 2334 1624 2381 non
1653 2320 1987 2399 spargatur
2030 2315 2281 2400 sanguis
2312 2316 2818 2397 christianorum
2864 2317 3013 2399 quia
3042 2334 3141 2381 ve-

805 2424 938 2485 stra
997 2419 1360 2486 excellentia
1419 2419 1600 2501 plene
1659 2419 1973 2502 cognoscit
2034 2421 2200 2502 quod
2258 2419 2478 2485 divisio
2523 2419 3001 2485 christianorum
3045 2422 3142 2484 est

807 2521 1030 2603 leticia,
1080 2526 1145 2587 et
1184 2526 1583 2606 augmentum
1626 2520 1985 2604 infidelium,
2048 2540 2241 2586 unum
2301 2528 2513 2587 tamen
2557 2521 2742 2587 affert
2795 2521 2975 2588 nobis
3015 2539 3141 2586 non

807 2626 1116 2691 modicum
1147 2625 1449 2706 solamen3
1499 2625 1648 2709 quia.
1679 2624 1932 2691 Summo
1962 2624 2267 2708 Pontifici,
2312 2629 2519 2692 vestre
2546 2624 2887 2706 Maiestati,
2929 2629 2995 2691 et
3022 2624 3143 2690 toti

805 2728 1035 2794 mundo
1079 2732 1278 2810 patet,
1341 2747 1454 2811 pro
1518 2732 1733 2795 nostro
1786 2727 2058 2794 dominio
2101 2746 2227 2794 non
2276 2728 2553 2809 deficere,
2616 2727 2768 2811 quin
2809 2746 2934 2810 pax
2978 2726 3142 2793 bona

807 2835 1125 2913 sequatur,
1187 2830 1302 2898 hec
1355 2831 1639 2898 volumus
1680 2830 1903 2896 devote
1945 2830 2173 2897 Vestre
2226 2830 2562 2897 Serenitati
2606 2830 2892 2912 scribere,
2942 2830 3143 2913 ipsam

807 2932 1222 3015 certificando,
1278 2934 1444 3017 quod
1502 2936 1953 3016 perseverante,
2001 2932 2166 2999 dicto
2226 2931 2628 2999 Serenissimo
2683 2933 2932 3000 domino
2973 2931 3143 3015 Rege

810 3037 1237 3103 Roma-norum
1280 3039 1347 3103 et
1388 3035 1710 3119 Hungarie
1751 3034 1816 3099 in
1857 3053 2083 3117 guerra
2136 3034 2476 3117 nobiscum,
2529 3036 2677 3119 quia
2726 3034 3145 3101 invocavimus

810 3140 1187 3206 altissimum
1233 3141 1314 3205 ad
1357 3140 1737 3207 adiutorium
1779 3138 1981 3205 nostri
2028 3143 2249 3221 statuS,
2303 3146 2369 3206 et
2408 3143 2624 3206 nostre
2667 3137 3034 3219 honestatiS,
3078 3140 3145 3204 et

807 3244 970 3310 bone
1013 3243 1355 3310 voluntatis
1391 3244 1481 3310 ad
1523 3261 1758 3326 pacem,
1803 3260 2140 3326 speramus,
2202 3243 2367 3325 quod
2425 3242 2635 3309 divina
2687 3240 2993 3326 sapientia
3034 3258 3144 3306 no-

807 3350 941 3413 stre
998 3344 1358 3426 defensioni,
1422 3352 1487 3412 et
1539 3344 1862 3413 obstaculo
1922 3345 2315 3430 querentium
2368 3350 2652 3412 nostrum
2710 3342 3145 3411 exterminium

803 3448 1179 3533 providebit;
1255 3448 1404 3533 quia
1445 3448 1535 3514 nil
1583 3449 1753 3516 aliud
1797 3467 2040 3532 semper
2083 3448 2477 3531 quesivimus,
2532 3466 2722 3533 quam
2764 3445 3036 3532 quietem
3080 3449 3146 3511 et

811 3551 1338 3620 conservationem
1391 3552 1759 3633 dilectioniS,
1823 3568 2010 3635 quam
2069 3552 2511 3635 experientiam
2574 3549 2960 3617 ostendimus
2995 3564 3145 3631 erga

801 3654 1112 3739 prefatum
1157 3654 1654 3722 illustrissimum
1697 3656 2019 3721 dominum
2074 3654 2495 3721 Romanorum
2538 3658 2605 3720 et
2646 3652 2968 3736 Hungarie
3022 3650 3144 3715 Re-

800 3777 960 3841 gem,
1024 3758 1173 3824 dum
1232 3776 1422 3841 regno
1475 3757 1814 3841 Hungarie,
1881 3762 1947 3824 et
2002 3772 2114 3826 sue
2156 3757 2494 3826 Serenitati
2542 3756 2663 3823 fuit
2707 3759 3141 3840 opportunum,

801 3860 1134 3930 offerentes
1199 3879 1314 3929 nos
1375 3880 1514 3929 cum
1572 3862 1814 3929 sincera
1873 3866 2083 3929 mente
2130 3861 2211 3929 ad
2260 3860 2535 3945 quelibet
2574 3863 2783 3928 vestre
2822 3855 3145 3926 Maiestati

800 3970 1056 4050 accepta
1097 3964 1352 4048 pariter,
1394 3969 1587 4048 atque
1629 3969 1826 4049 grata.

1111 4068 1207 4135 De
1250 4073 1431 4152 parte
1474 4071 1533 4134 5.
1648 4090 1656 4099 ·

1225 4188 1491 4257 (Ambivio
1525 4184 1584 4242 da·
1615 4185 1770 4242 Scato
1803 4185 1856 4241 in
1903 4184 2139 4254 Venezia,

870 4272 1318 4333 Deliberazioni
1353 4273 1572 4330 Senato
1611 4271 1868 4341 Secreto,
1903 4270 2056 4343 Reg.
2090 4269 2161 4341 V,
2198 4274 2360 4326 carte
2394 4269 2503 4341 33.)
