3793 5187
1695 506 1815 570 109

581 707 745 773 teria
792 724 929 773 cum
971 707 1319 790 capitaneo
1364 708 1689 790 galearum
1734 709 1998 775 Romani
2044 709 2369 777 Pontificis
2405 710 2618 778 mittat
2645 730 2784 777 cum
2814 702 2924 777 illo

583 810 828 876 meliori
860 810 1098 890 ordine,
1147 811 1257 891 qui
1287 811 1623 890 videbitur,
1669 817 1813 877 octo
1854 812 1958 877 vel
2001 814 2218 897 plures
2262 814 2478 895 galeas
2525 814 2693 879 illius
2731 816 2924 879 mari-

582 914 735 979 time
781 914 1001 979 classis
1031 932 1147 997 per
1176 913 1539 980 Danubium
1584 934 1787 997 usque
1833 916 2210 999 Nicopolim,
2257 936 2370 983 seu
2419 936 2545 999 quo
2593 935 2750 999 opus
2783 918 2926 997 erit,

584 1015 667 1080 ad
711 1034 959 1081 omnem
1004 1014 1289 1081 favorem
1324 1017 1689 1098 possibilem
1732 1018 2240 1101 impendendum,
2285 1026 2357 1086 ut
2401 1020 2718 1085 exercitus
2759 1020 2924 1086 chri-

582 1119 933 1183 stianorum
994 1118 1269 1184 transire
1328 1120 1553 1201 possit.
1644 1119 1731 1185 Et
1772 1120 1893 1184 hoc
1950 1120 2212 1187 dicimus
2266 1122 2329 1186 in
2375 1126 2678 1203 quantum
2721 1122 2926 1189 Reve-

581 1221 958 1287 rendissima
994 1221 1357 1287 Paternitas
1406 1226 1623 1287 vestra
1667 1240 1781 1287 seu
1840 1222 2136 1289 ductores
2199 1225 2526 1307 galearum
2583 1226 2649 1291 in
2705 1226 2923 1291 Danu-

580 1324 751 1390 bium
782 1327 1095 1390 iturarum
1126 1342 1165 1388 a
1196 1323 1744 1390 Reverendissimo
1794 1326 2046 1391 domino
2082 1326 2420 1392 Cardinale
2451 1326 2666 1393 Sancti
2700 1327 2925 1410 Angeli

581 1428 813 1511 legato,
876 1426 1050 1492 aliud
1109 1427 1173 1491 in
1239 1428 1623 1493 contrarium
1688 1447 1814 1494 non
1872 1428 2200 1494 haberent.
2292 1429 2671 1512 Scripsimus
2733 1431 2923 1497 etiam

585 1530 933 1614 Capitaneo
975 1530 1299 1612 galearum
1342 1531 1567 1596 summi
1618 1529 1946 1597 Pontificis
2001 1531 2170 1597 circa
2210 1551 2346 1597 rem
2388 1532 2577 1599 istam
2623 1537 2925 1614 quantum

582 1638 885 1716 oportere
931 1632 1359 1715 cognovimus.
1439 1632 1831 1699 Contulimus
1868 1640 2166 1716 preterea
2207 1635 2284 1700 de
2329 1654 2401 1700 re
2441 1636 2570 1701 ista
2614 1654 2755 1701 cum
2784 1636 2924 1702 Ma-

582 1734 811 1819 gnifico
863 1735 1114 1801 domino
1161 1735 1241 1801 de
1270 1734 1537 1800 Wahrin
1584 1733 1934 1817 Capitaneo
1981 1737 2304 1819 galearum
2346 1737 2765 1804 Illustrissimi
2811 1740 2923 1804 do-

580 1840 731 1905 mini
777 1839 955 1904 ducis
998 1836 1367 1921 Burgondie
1416 1836 1524 1917 qui
1566 1842 1900 1920 promptus
1946 1840 2070 1905 erit
2098 1840 2330 1906 Vestre
2373 1838 2926 1907 Reverendissime

584 1939 1001 2007 Pater-nitatis
1045 1940 1110 2005 in
1155 1938 1441 2005 omnibus
1472 1938 1750 2004 obedire.
1820 1939 2114 2007 Ceterum
2141 1941 2222 2007 ad
2251 1940 2756 2009 informationem
2791 1961 2923 2009 am-

580 2043 849 2126 pliorem
874 2043 1107 2109 Vestre
1138 2041 1689 2107 Reverendissime
1721 2040 2164 2109 dominationis
2201 2045 2506 2111 mittimus
2550 2046 2752 2111 eidem
2785 2046 2924 2111 istis

584 2148 887 2212 insertam
932 2146 1177 2227 copiam
1226 2144 1675 2226 responsionis·
1703 2162 1891 2225 quam
1935 2144 2192 2212 fecimus
2222 2147 2773 2213 Reverendissimo
2809 2149 2923 2213 do-

582 2252 750 2316 mino
799 2248 1119 2314 Cardinali
1168 2247 1385 2314 Sancti
1431 2247 1656 2331 Angeli
1702 2249 1765 2312 in
1811 2250 2081 2313 materia
2125 2249 2466 2317 antedicta.

884 2385 987 2451 De
1031 2392 1214 2468 parte
1354 2385 1493 2450 109.

886 2488 986 2554 De
1028 2507 1155 2553 non
1440 2490 1498 2552 2.

884 2591 1026 2658 Non
1072 2589 1301 2657 sinceri
1439 2590 1496 2655 1.

804 2725 1071 2799 (Archt'vio
1112 2727 1171 2781 cti
1203 2725 1359 2781 Scato
1406 2725 1648 2790 Venetia,

694 2813 915 2870 Senato
962 2811 1207 2880 Sem-eti,
1254 2829 1379 2882 reg.
1417 2812 1485 2865 16
1532 2827 1578 2865 o.
1617 2809 1759 2880 103.)

1700 3116 1791 3192 L.

1293 3254 1729 3354 mccccxum.
1774 3255 1870 3323 die
1916 3255 2022 3322 llll.
2063 3254 2204 3321 lulli.

783 3442 904 3508 Ser
947 3441 1191 3508 Aluisio
1236 3441 1615 3507 Lauredano
1679 3441 2080 3523 procuratori
2143 3439 2410 3506 ecclesie
2455 3439 2672 3505 Sancti
2718 3439 2920 3506 Marci

584 3545 933 3629 capitaneo
979 3545 1309 3629 galearum
1354 3543 1594 3610 Summi
1639 3543 1985 3610 PontificiS.

780 3681 941 3746 Post
985 3684 1265 3746 vestrum
1323 3679 1469 3745 hinc
1527 3679 1895 3759 discessum,
1967 3679 2322 3760 accepimus
2370 3679 2590 3745 literas
2634 3697 2673 3742 a
2714 3678 2918 3744 Reve-

582 3784 958 3851 rendissimo
1029 3783 1280 3848 domino
1329 3783 1667 3848 Cardinale
1729 3782 1950 3848 Sancti
1993 3781 2218 3863 Angeli
2287 3780 2500 3864 legato
2549 3781 2918 3863 Apostolico

582 3905 847 3969 quarum
888 3886 1153 3969 copiam,
1200 3885 1284 3952 ad
1327 3885 1525 3950 vestri
1565 3884 2073 3951 informationem
2119 3884 2426 3950 mittimus
2459 3883 2556 3950 his
2586 3884 2913 3950 insertam.

580 3990 669 4057 Et
716 3992 1013 4072 quoniam
1058 3990 1223 4056 sicut
1268 3989 1565 4055 videbitis
1614 4007 1731 4054 sua
1771 3987 2330 4054 Reverendissima
2361 3986 2705 4052 dominatio
2736 3986 2918 4052 nobis

583 4093 831 4173 suadet,
874 4099 948 4159 ut
990 4111 1108 4175 pro
1157 4091 1325 4158 bono
1369 4097 1435 4158 et
1470 4090 1639 4157 felici
1688 4092 1862 4156 exitu
1900 4095 2150 4172 sumpte
2179 4090 2476 4170 impresie
2507 4093 2730 4154 contra
2761 4088 2920 4153 Teu-

584 4215 747 4276 croS,
793 4201 866 4262 ut
910 4194 1397 4261 christianorum
1438 4193 1754 4259 exercitus
1795 4193 1966 4275 apud
1992 4191 2349 4274 Nicopolim
2383 4189 2614 4256 flumen
2644 4189 2920 4254 Danubii

582 4299 903 4364 comodius
933 4297 1209 4362 transire
1243 4295 1448 4378 possit
1488 4295 1823 4362 mittantur
1858 4295 2070 4375 alique
2109 4291 2289 4375 galee
2332 4311 2450 4374 per
2491 4291 2723 4358 flumen
2765 4309 2914 4374 pre-

580 4403 818 4474 dictum
862 4402 945 4470 ad
988 4399 1265 4470 dandum
1306 4398 1589 4470 favorem
1634 4397 1930 4466 transitui
1974 4396 2314 4481 antedicto,
2356 4396 2421 4464 in
2461 4413 2586 4480 quo
2632 4393 2920 4466 consistit

2547 4513 2629 4573 8¹·
