<?xml version="1.0" encoding="UTF-8"?>
<!DOCTYPE html PUBLIC "-//W3C//DTD XHTML 1.0 Transitional//EN"
    "http://www.w3.org/TR/xhtml1/DTD/xhtml1-transitional.dtd">
<html xmlns="http://www.w3.org/1999/xhtml" xml:lang="en" lang="en">
 <head>
  <title>
</title>
<meta http-equiv="Content-Type" content="text/html;charset=utf-8" />
  <meta name='ocr-system' content='tesseract 3.04.00' />
  <meta name='ocr-capabilities' content='ocr_page ocr_carea ocr_par ocr_line ocrx_word'/>
</head>
<body>
  <div class='ocr_page' id='page_1' title='image "./fontesrerumpolo00unkngoog_0196.png"; bbox 0 0 3793 5187; ppageno 0'>
   <div class='ocr_carea' id='block_1_1' title="bbox 1831 585 1953 652">
    <p class='ocr_par' dir='ltr' id='par_1_1' title="bbox 1831 585 1953 652">
     <span class='ocr_line' id='line_1_1' title="bbox 1831 585 1953 652; baseline -0.016 0"><span class='ocrx_word' id='word_1_1' title='bbox 1831 585 1953 652; x_wconf 87' lang='grc'><strong>199</strong></span> 
     </span>
    </p>
   </div>
   <div class='ocr_carea' id='block_1_2' title="bbox 1693 671 2103 685">
    <p class='ocr_par' dir='ltr' id='par_1_2' title="bbox 1693 671 2103 685">
     <span class='ocr_line' id='line_1_2' title="bbox 1693 671 2103 685; baseline 0 0"><span class='ocrx_word' id='word_1_2' title='bbox 1693 671 2103 685; x_wconf 95' lang='lat' dir='ltr'><strong> </strong></span> 
     </span>
    </p>
   </div>
   <div class='ocr_carea' id='block_1_3' title="bbox 674 788 3065 2615">
    <p class='ocr_par' dir='ltr' id='par_1_3' title="bbox 687 788 3065 1796">
     <span class='ocr_line' id='line_1_3' title="bbox 687 788 3062 875; baseline -0 -18"><span class='ocrx_word' id='word_1_3' title='bbox 687 831 704 840; x_wconf 81' lang='lat'>-</span> <span class='ocrx_word' id='word_1_4' title='bbox 721 792 964 875; x_wconf 81' lang='lat' dir='ltr'><strong>gnitate</strong></span> <span class='ocrx_word' id='word_1_5' title='bbox 1007 791 1170 859; x_wconf 89' lang='lat' dir='ltr'><strong>adeo</strong></span> <span class='ocrx_word' id='word_1_6' title='bbox 1215 791 1684 875; x_wconf 77' lang='lat' dir='ltr'><strong>paratissimam</strong></span> <span class='ocrx_word' id='word_1_7' title='bbox 1727 807 1869 857; x_wconf 88' lang='lat' dir='ltr'><strong>esse</strong></span> <span class='ocrx_word' id='word_1_8' title='bbox 1914 793 2089 856; x_wconf 86' lang='lat' dir='ltr'><strong>certo</strong></span> <span class='ocrx_word' id='word_1_9' title='bbox 2136 788 2429 856; x_wconf 80' lang='lat' dir='ltr'><strong>sciverim</strong></span> <span class='ocrx_word' id='word_1_10' title='bbox 2473 794 2548 855; x_wconf 89' lang='lat' dir='ltr'><strong>ut</strong></span> <span class='ocrx_word' id='word_1_11' title='bbox 2590 789 3062 873; x_wconf 82' lang='lat' dir='ltr'><strong>promocionem</strong></span> 
     </span>
     <span class='ocr_line' id='line_1_4' title="bbox 706 891 3065 977; baseline -0.001 -17"><span class='ocrx_word' id='word_1_12' title='bbox 706 893 1070 977; x_wconf 59' lang='lat' dir='ltr'><strong>»cuiuspiam</strong></span> <span class='ocrx_word' id='word_1_13' title='bbox 1111 913 1237 961; x_wconf 90' lang='lat' dir='ltr'><strong>non</strong></span> <span class='ocrx_word' id='word_1_14' title='bbox 1283 894 1592 976; x_wconf 86' lang='lat' dir='ltr'><strong>requirat.</strong></span> <span class='ocrx_word' id='word_1_15' title='bbox 1691 891 1792 958; x_wconf 85' lang='lat' dir='ltr'><strong>Ne</strong></span> <span class='ocrx_word' id='word_1_16' title='bbox 1833 897 2047 959; x_wconf 79' lang='lat' dir='ltr'><strong>tamen</strong></span> <span class='ocrx_word' id='word_1_17' title='bbox 2092 891 2629 959; x_wconf 79' lang='lat' dir='ltr'><strong>Reverendissimi</strong></span> <span class='ocrx_word' id='word_1_18' title='bbox 2690 894 2893 976; x_wconf 83' lang='lat' dir='ltr'><strong>patris</strong></span> <span class='ocrx_word' id='word_1_19' title='bbox 2952 892 3065 958; x_wconf 85' lang='lat' dir='ltr'><strong>do·-</strong></span> 
     </span>
     <span class='ocr_line' id='line_1_5' title="bbox 716 994 3063 1080; baseline 0 -20"><span class='ocrx_word' id='word_1_20' title='bbox 716 996 869 1061; x_wconf 89' lang='lat' dir='ltr'><strong>mini</strong></span> <span class='ocrx_word' id='word_1_21' title='bbox 934 995 1224 1064; x_wconf 83' lang='lat' dir='ltr'><strong>Silvestri</strong></span> <span class='ocrx_word' id='word_1_22' title='bbox 1285 995 1756 1078; x_wconf 84' lang='lat' dir='ltr'><strong>Archiepiscopi</strong></span> <span class='ocrx_word' id='word_1_23' title='bbox 1822 994 2113 1077; x_wconf 85' lang='lat' dir='ltr'><strong>Rigensls</strong></span> <span class='ocrx_word' id='word_1_24' title='bbox 2170 995 2540 1077; x_wconf 76' lang='lat' dir='ltr'><strong>peticione8‚</strong></span> <span class='ocrx_word' id='word_1_25' title='bbox 2635 996 2865 1076; x_wconf 88' lang='lat' dir='ltr'><strong>quibus</strong></span> <span class='ocrx_word' id='word_1_26' title='bbox 2942 1014 3063 1080; x_wconf 90' lang='lat' dir='ltr'><strong>pro</strong></span> 
     </span>
     <span class='ocr_line' id='line_1_6' title="bbox 718 1093 3063 1182; baseline 0 -18"><span class='ocrx_word' id='word_1_27' title='bbox 718 1098 954 1164; x_wconf 89' lang='lat' dir='ltr'><strong>iniuria</strong></span> <span class='ocrx_word' id='word_1_28' title='bbox 993 1098 1114 1165; x_wconf 90' lang='lat' dir='ltr'><strong>sibi</strong></span> <span class='ocrx_word' id='word_1_29' title='bbox 1160 1117 1276 1182; x_wconf 90' lang='lat' dir='ltr'><strong>per</strong></span> <span class='ocrx_word' id='word_1_30' title='bbox 1317 1097 1693 1180; x_wconf 85' lang='lat' dir='ltr'><strong>Magistrum</strong></span> <span class='ocrx_word' id='word_1_31' title='bbox 1732 1093 2263 1163; x_wconf 77' lang='lat' dir='ltr'><strong>&#39;l&#39;h&#39;eutunicorum</strong></span> <span class='ocrx_word' id='word_1_32' title='bbox 2308 1097 2549 1162; x_wconf 84' lang='lat' dir='ltr'><strong>ordinis</strong></span> <span class='ocrx_word' id='word_1_33' title='bbox 2596 1104 2815 1164; x_wconf 87' lang='lat' dir='ltr'><strong>sancte</strong></span> <span class='ocrx_word' id='word_1_34' title='bbox 2856 1098 3063 1164; x_wconf 84' lang='lat' dir='ltr'><strong>Mario</strong></span> 
     </span>
     <span class='ocr_line' id='line_1_7' title="bbox 715 1199 3055 1284; baseline 0 -17"><span class='ocrx_word' id='word_1_35' title='bbox 715 1201 782 1267; x_wconf 91' lang='lat' dir='ltr'><strong>in</strong></span> <span class='ocrx_word' id='word_1_36' title='bbox 816 1201 1104 1268; x_wconf 80' lang='lat' dir='ltr'><strong>Clivonia</strong></span> <span class='ocrx_word' id='word_1_37' title='bbox 1147 1219 1273 1267; x_wconf 91' lang='lat' dir='ltr'><strong>non</strong></span> <span class='ocrx_word' id='word_1_38' title='bbox 1317 1200 1505 1284; x_wconf 87' lang='lat' dir='ltr'><strong>longe</strong></span> <span class='ocrx_word' id='word_1_39' title='bbox 1551 1206 1696 1265; x_wconf 90' lang='lat' dir='ltr'><strong>acto</strong></span> <span class='ocrx_word' id='word_1_40' title='bbox 1739 1205 2029 1282; x_wconf 91' lang='lat' dir='ltr'><strong>tempore</strong></span> <span class='ocrx_word' id='word_1_41' title='bbox 2066 1199 2250 1266; x_wconf 85' lang='lat' dir='ltr'><strong>illata</strong></span> <span class='ocrx_word' id='word_1_42' title='bbox 2290 1215 2517 1282; x_wconf 88' lang='lat' dir='ltr'><strong>preces</strong></span> <span class='ocrx_word' id='word_1_43' title='bbox 2546 1217 2721 1266; x_wconf 88' lang='lat' dir='ltr'><strong>meas</strong></span> <span class='ocrx_word' id='word_1_44' title='bbox 2766 1202 2850 1266; x_wconf 89' lang='lat' dir='ltr'><strong>ad</strong></span> <span class='ocrx_word' id='word_1_45' title='bbox 2895 1201 3055 1268; x_wconf 85' lang='lat' dir='ltr'><strong>San-</strong></span> 
     </span>
     <span class='ocr_line' id='line_1_8' title="bbox 715 1301 3055 1385; baseline 0 -16"><span class='ocrx_word' id='word_1_46' title='bbox 715 1304 1002 1370; x_wconf 88' lang='lat' dir='ltr'><strong>ctitatem</strong></span> <span class='ocrx_word' id='word_1_47' title='bbox 1038 1307 1318 1369; x_wconf 80' lang='lat' dir='ltr'><strong>vestram</strong></span> <span class='ocrx_word' id='word_1_48' title='bbox 1359 1302 1497 1368; x_wconf 82' lang='lat' dir='ltr'><strong>dari</strong></span> <span class='ocrx_word' id='word_1_49' title='bbox 1541 1301 1783 1384; x_wconf 85' lang='lat' dir='ltr'><strong>petivit,</strong></span> <span class='ocrx_word' id='word_1_50' title='bbox 1827 1301 2101 1384; x_wconf 82' lang='lat' dir='ltr'><strong>abycere</strong></span> <span class='ocrx_word' id='word_1_51' title='bbox 2145 1301 2379 1383; x_wconf 84' lang='lat' dir='ltr'><strong>videar,</strong></span> <span class='ocrx_word' id='word_1_52' title='bbox 2436 1302 2634 1368; x_wconf 89' lang='lat' dir='ltr'><strong>statui</strong></span> <span class='ocrx_word' id='word_1_53' title='bbox 2668 1322 2785 1385; x_wconf 89' lang='lat' dir='ltr'><strong>pro</strong></span> <span class='ocrx_word' id='word_1_54' title='bbox 2826 1303 3055 1371; x_wconf 88' lang='lat' dir='ltr'><strong>eodem</strong></span> 
     </span>
     <span class='ocr_line' id='line_1_9' title="bbox 718 1403 3063 1474; baseline 0.001 -2"><span class='ocrx_word' id='word_1_55' title='bbox 718 1405 1136 1472; x_wconf 85' lang='lat' dir='ltr'><strong>Sanctitatem</strong></span> <span class='ocrx_word' id='word_1_56' title='bbox 1179 1411 1459 1471; x_wconf 86' lang='lat' dir='ltr'><strong>vestram</strong></span> <span class='ocrx_word' id='word_1_57' title='bbox 1505 1405 1829 1470; x_wconf 89' lang='lat' dir='ltr'><strong>humiliter</strong></span> <span class='ocrx_word' id='word_1_58' title='bbox 1888 1421 2173 1470; x_wconf 85' lang='lat' dir='ltr'><strong>exorare.</strong></span> <span class='ocrx_word' id='word_1_59' title='bbox 2218 1403 2311 1471; x_wconf 91' lang='lat' dir='ltr'><strong>Ut</strong></span> <span class='ocrx_word' id='word_1_60' title='bbox 2354 1403 2673 1472; x_wconf 81' lang='lat' dir='ltr'><strong>Sanctitas</strong></span> <span class='ocrx_word' id='word_1_61' title='bbox 2709 1413 2923 1473; x_wconf 80' lang='lat' dir='ltr'><strong>vestra</strong></span> <span class='ocrx_word' id='word_1_62' title='bbox 2962 1413 3063 1474; x_wconf 86' lang='lat' dir='ltr'><strong>at·</strong></span> 
     </span>
     <span class='ocr_line' id='line_1_10' title="bbox 689 1505 3057 1590; baseline 0.002 -17"><span class='ocrx_word' id='word_1_63' title='bbox 689 1513 895 1574; x_wconf 87' lang='lat' dir='ltr'><strong>tenta</strong></span> <span class='ocrx_word' id='word_1_64' title='bbox 935 1507 1058 1573; x_wconf 90' lang='lat' dir='ltr'><strong>hac</strong></span> <span class='ocrx_word' id='word_1_65' title='bbox 1093 1507 1232 1590; x_wconf 86' lang='lat' dir='ltr'><strong>ipsa</strong></span> <span class='ocrx_word' id='word_1_66' title='bbox 1277 1507 1542 1588; x_wconf 87' lang='lat' dir='ltr'><strong>eiusque</strong></span> <span class='ocrx_word' id='word_1_67' title='bbox 1601 1505 2077 1588; x_wconf 86' lang='lat' dir='ltr'><strong>Archiepiscopi</strong></span> <span class='ocrx_word' id='word_1_68' title='bbox 2138 1505 2370 1571; x_wconf 85' lang='lat' dir='ltr'><strong>iniuria</strong></span> <span class='ocrx_word' id='word_1_69' title='bbox 2431 1524 2623 1587; x_wconf 88' lang='lat' dir='ltr'><strong>quam</strong></span> <span class='ocrx_word' id='word_1_70' title='bbox 2684 1507 2743 1574; x_wconf 87' lang='lat' dir='ltr'><strong>is</strong></span> <span class='ocrx_word' id='word_1_71' title='bbox 2792 1511 3057 1578; x_wconf 89' lang='lat' dir='ltr'><strong>nuncius</strong></span> 
     </span>
     <span class='ocr_line' id='line_1_11' title="bbox 713 1609 3060 1693; baseline 0.001 -17"><span class='ocrx_word' id='word_1_72' title='bbox 713 1627 864 1676; x_wconf 89' lang='lat' dir='ltr'><strong>suus</strong></span> <span class='ocrx_word' id='word_1_73' title='bbox 907 1610 1099 1677; x_wconf 84' lang='lat' dir='ltr'><strong>latius</strong></span> <span class='ocrx_word' id='word_1_74' title='bbox 1145 1609 1462 1692; x_wconf 86' lang='lat' dir='ltr'><strong>perferret</strong></span> <span class='ocrx_word' id='word_1_75' title='bbox 1503 1609 1646 1690; x_wconf 89' lang='lat' dir='ltr'><strong>sibi,</strong></span> <span class='ocrx_word' id='word_1_76' title='bbox 1693 1629 1808 1693; x_wconf 91' lang='lat' dir='ltr'><strong>pro</strong></span> <span class='ocrx_word' id='word_1_77' title='bbox 1848 1609 1947 1675; x_wconf 89' lang='lat' dir='ltr'><strong>sui</strong></span> <span class='ocrx_word' id='word_1_78' title='bbox 1992 1609 2185 1674; x_wconf 89' lang='lat' dir='ltr'><strong>solita</strong></span> <span class='ocrx_word' id='word_1_79' title='bbox 2235 1609 2477 1692; x_wconf 87' lang='lat' dir='ltr'><strong>pietate</strong></span> <span class='ocrx_word' id='word_1_80' title='bbox 2522 1627 2745 1676; x_wconf 90' lang='lat' dir='ltr'><strong>manus</strong></span> <span class='ocrx_word' id='word_1_81' title='bbox 2794 1612 3060 1680; x_wconf 84' lang='lat' dir='ltr'><strong>adiutri-</strong></span> 
     </span>
     <span class='ocr_line' id='line_1_12' title="bbox 715 1711 3053 1796; baseline 0.002 -18"><span class='ocrx_word' id='word_1_82' title='bbox 715 1729 820 1778; x_wconf 90' lang='lat' dir='ltr'><strong>ces</strong></span> <span class='ocrx_word' id='word_1_83' title='bbox 867 1713 1163 1794; x_wconf 86' lang='lat' dir='ltr'><strong>dignetur</strong></span> <span class='ocrx_word' id='word_1_84' title='bbox 1208 1714 1534 1796; x_wconf 83' lang='lat' dir='ltr'><strong>porrigere</strong></span> <span class='ocrx_word' id='word_1_85' title='bbox 1577 1718 1644 1780; x_wconf 87' lang='lat' dir='ltr'><strong>et</strong></span> <span class='ocrx_word' id='word_1_86' title='bbox 1685 1713 1754 1778; x_wconf 90' lang='lat' dir='ltr'><strong>in</strong></span> <span class='ocrx_word' id='word_1_87' title='bbox 1801 1717 2107 1794; x_wconf 88' lang='lat' dir='ltr'><strong>quantum</strong></span> <span class='ocrx_word' id='word_1_88' title='bbox 2147 1711 2306 1794; x_wconf 87' lang='lat' dir='ltr'><strong>phas</strong></span> <span class='ocrx_word' id='word_1_89' title='bbox 2350 1717 2451 1778; x_wconf 88' lang='lat' dir='ltr'><strong>est</strong></span> <span class='ocrx_word' id='word_1_90' title='bbox 2493 1713 2859 1779; x_wconf 87' lang='lat' dir='ltr'><strong>adiumento</strong></span> <span class='ocrx_word' id='word_1_91' title='bbox 2890 1733 3053 1782; x_wconf 87' lang='lat' dir='ltr'><strong>esse.</strong></span> 
     </span>
    </p>

    <p class='ocr_par' dir='ltr' id='par_1_4' title="bbox 677 1813 3056 2001">
     <span class='ocr_line' id='line_1_13' title="bbox 919 1813 3056 1898; baseline 0.003 -20"><span class='ocrx_word' id='word_1_92' title='bbox 919 1814 1091 1879; x_wconf 89' lang='lat' dir='ltr'><strong>Date</strong></span> <span class='ocrx_word' id='word_1_93' title='bbox 1135 1815 1202 1880; x_wconf 92' lang='lat' dir='ltr'><strong>in</strong></span> <span class='ocrx_word' id='word_1_94' title='bbox 1249 1814 1438 1898; x_wconf 86' lang='lat' dir='ltr'><strong>opido</strong></span> <span class='ocrx_word' id='word_1_95' title='bbox 1481 1816 1964 1897; x_wconf 86' lang='lat' dir='ltr'><strong>pyotrkoviensi</strong></span> <span class='ocrx_word' id='word_1_96' title='bbox 2006 1813 2111 1880; x_wconf 86' lang='lat' dir='ltr'><strong>die</strong></span> <span class='ocrx_word' id='word_1_97' title='bbox 2152 1813 2637 1882; x_wconf 82' lang='lat' dir='ltr'><strong>vicesimasexta</strong></span> <span class='ocrx_word' id='word_1_98' title='bbox 2681 1816 2848 1882; x_wconf 87' lang='lat' dir='ltr'><strong>Iunii</strong></span> <span class='ocrx_word' id='word_1_99' title='bbox 2874 1818 3056 1884; x_wconf 93' lang='lat' dir='ltr'><strong>Anno</strong></span> 
     </span>
     <span class='ocr_line' id='line_1_14' title="bbox 677 1916 2765 2001; baseline 0 -18"><span class='ocrx_word' id='word_1_100' title='bbox 677 1959 692 1972; x_wconf 81' lang='lat'><strong>.</strong></span> <span class='ocrx_word' id='word_1_101' title='bbox 709 1917 947 1984; x_wconf 91' lang='lat' dir='ltr'><strong>domini</strong></span> <span class='ocrx_word' id='word_1_102' title='bbox 994 1917 1333 1984; x_wconf 89' lang='lat' dir='ltr'><strong>Millesimo</strong></span> <span class='ocrx_word' id='word_1_103' title='bbox 1381 1916 2005 2000; x_wconf 87' lang='lat' dir='ltr'><strong>quadringentesimo</strong></span> <span class='ocrx_word' id='word_1_104' title='bbox 2047 1918 2517 2001; x_wconf 84' lang='lat' dir='ltr'><strong>septuagesimo</strong></span> <span class='ocrx_word' id='word_1_105' title='bbox 2558 1917 2614 1984; x_wconf 88' lang='lat' dir='ltr'>N</span> <span class='ocrx_word' id='word_1_106' title='bbox 2624 1936 2765 1984; x_wconf 90' lang='lat' dir='ltr'><strong>ono.</strong></span> 
     </span>
    </p>

    <p class='ocr_par' dir='ltr' id='par_1_5' title="bbox 1119 2018 3013 2307">
     <span class='ocr_line' id='line_1_15' title="bbox 1119 2018 2634 2087; baseline 0.001 -3"><span class='ocrx_word' id='word_1_107' title='bbox 1119 2019 1420 2087; x_wconf 90' lang='lat' dir='ltr'><strong>Eiusdem</strong></span> <span class='ocrx_word' id='word_1_108' title='bbox 1465 2019 1838 2086; x_wconf 83' lang='lat' dir='ltr'><strong>Sanctitatis</strong></span> <span class='ocrx_word' id='word_1_109' title='bbox 1881 2020 2113 2086; x_wconf 88' lang='lat' dir='ltr'><strong>Vestre</strong></span> <span class='ocrx_word' id='word_1_110' title='bbox 2158 2020 2423 2087; x_wconf 80' lang='lat' dir='ltr'><strong>devotus</strong></span> <span class='ocrx_word' id='word_1_111' title='bbox 2466 2018 2634 2086; x_wconf 89' lang='lat' dir='ltr'><strong>filius</strong></span> 
     </span>
     <span class='ocr_line' id='line_1_16' title="bbox 1912 2121 2842 2206; baseline 0.003 -19"><span class='ocrx_word' id='word_1_112' title='bbox 1912 2121 2439 2188; x_wconf 86' lang='lat' dir='ltr'><strong>Kazimirus</strong></span> <span class='ocrx_word' id='word_1_113' title='bbox 2484 2122 2585 2188; x_wconf 88' lang='lat' dir='ltr'><strong>dei</strong></span> <span class='ocrx_word' id='word_1_114' title='bbox 2630 2123 2842 2206; x_wconf 82' lang='lat' dir='ltr'><strong>gratia</strong></span> 
     </span>
     <span class='ocr_line' id='line_1_17' title="bbox 2090 2223 3013 2307; baseline -0.004 -17"><span class='ocrx_word' id='word_1_115' title='bbox 2090 2223 2229 2290; x_wconf 84' lang='lat' dir='ltr'><strong>Rex</strong></span> <span class='ocrx_word' id='word_1_116' title='bbox 2260 2224 2518 2290; x_wconf 90' lang='lat' dir='ltr'><strong>Polonie</strong></span> <span class='ocrx_word' id='word_1_117' title='bbox 2546 2229 2664 2290; x_wconf 84' lang='lat' dir='ltr'><strong>etc.</strong></span> <span class='ocrx_word' id='word_1_118' title='bbox 3008 2302 3013 2307; x_wconf 17' lang='grc' dir='ltr'>ἱ</span> 
     </span>
    </p>

    <p class='ocr_par' dir='ltr' id='par_1_6' title="bbox 674 2325 3053 2615">
     <span class='ocr_line' id='line_1_18' title="bbox 910 2325 3047 2411; baseline 0.002 -22"><span class='ocrx_word' id='word_1_119' title='bbox 910 2328 994 2411; x_wconf 88' lang='grc' dir='ltr'><strong>(Α</strong></span> <span class='ocrx_word' id='word_1_120' title='bbox 1044 2332 1253 2409; x_wconf 70' lang='lat' dir='ltr'><strong>teryo).</strong></span> <span class='ocrx_word' id='word_1_121' title='bbox 1324 2325 1734 2393; x_wconf 85' lang='lat' dir='ltr'><strong>Sanctissimo</strong></span> <span class='ocrx_word' id='word_1_122' title='bbox 1778 2326 1853 2392; x_wconf 91' lang='lat' dir='ltr'><strong>In</strong></span> <span class='ocrx_word' id='word_1_123' title='bbox 1899 2325 2135 2392; x_wconf 84' lang='lat' dir='ltr'><strong>christo</strong></span> <span class='ocrx_word' id='word_1_124' title='bbox 2196 2326 2363 2410; x_wconf 88' lang='lat' dir='ltr'><strong>patri</strong></span> <span class='ocrx_word' id='word_1_125' title='bbox 2425 2331 2491 2392; x_wconf 89' lang='lat' dir='ltr'><strong>et</strong></span> <span class='ocrx_word' id='word_1_126' title='bbox 2553 2326 2761 2393; x_wconf 88' lang='lat' dir='ltr'><strong>donno</strong></span> <span class='ocrx_word' id='word_1_127' title='bbox 2838 2327 3047 2394; x_wconf 87' lang='lat' dir='ltr'><strong>donno</strong></span> 
     </span>
     <span class='ocr_line' id='line_1_19' title="bbox 674 2427 3053 2512; baseline 0.004 -23"><span class='ocrx_word' id='word_1_128' title='bbox 674 2427 889 2495; x_wconf 86' lang='lat' dir='ltr'><strong>:Sixto</strong></span> <span class='ocrx_word' id='word_1_129' title='bbox 938 2429 1154 2495; x_wconf 84' lang='lat' dir='ltr'><strong>divina</strong></span> <span class='ocrx_word' id='word_1_130' title='bbox 1217 2427 1622 2512; x_wconf 88' lang='lat' dir='ltr'><strong>providentia</strong></span> <span class='ocrx_word' id='word_1_131' title='bbox 1686 2427 1880 2494; x_wconf 88' lang='lat' dir='ltr'><strong>Sacro</strong></span> <span class='ocrx_word' id='word_1_132' title='bbox 1950 2427 2183 2494; x_wconf 84' lang='lat' dir='ltr'><strong>Sancte</strong></span> <span class='ocrx_word' id='word_1_133' title='bbox 2246 2427 2529 2494; x_wconf 85' lang='lat' dir='ltr'><strong>Romane</strong></span> <span class='ocrx_word' id='word_1_134' title='bbox 2572 2435 2639 2494; x_wconf 86' lang='lat' dir='ltr'><strong>et</strong></span> <span class='ocrx_word' id='word_1_135' title='bbox 2674 2431 3053 2498; x_wconf 85' lang='lat' dir='ltr'><strong>universalis</strong></span> 
     </span>
     <span class='ocr_line' id='line_1_20' title="bbox 678 2529 2512 2615; baseline 0.001 -20"><span class='ocrx_word' id='word_1_136' title='bbox 678 2531 989 2599; x_wconf 77' lang='lat' dir='ltr'><strong>:Ecclesie</strong></span> <span class='ocrx_word' id='word_1_137' title='bbox 1036 2529 1295 2600; x_wconf 87' lang='lat' dir='ltr'><strong>Summo</strong></span> <span class='ocrx_word' id='word_1_138' title='bbox 1340 2529 1622 2615; x_wconf 84' lang='lat' dir='ltr'><strong>pontifici</strong></span> <span class='ocrx_word' id='word_1_139' title='bbox 1671 2531 1924 2598; x_wconf 87' lang='lat' dir='ltr'><strong>domino</strong></span> <span class='ocrx_word' id='word_1_140' title='bbox 1962 2531 2512 2599; x_wconf 85' lang='lat' dir='ltr'><strong>reverendissimo.</strong></span> 
     </span>
    </p>
   </div>
   <div class='ocr_carea' id='block_1_4' title="bbox 767 2666 2711 2820">
    <p class='ocr_par' dir='ltr' id='par_1_7' title="bbox 767 2666 2711 2820">
     <span class='ocr_line' id='line_1_21' title="bbox 1008 2666 1945 2740; baseline -0.003 -16"><span class='ocrx_word' id='word_1_141' title='bbox 1008 2668 1271 2740; x_wconf 70' lang='lat' dir='ltr'><strong>(Arclaeivio</strong></span> <span class='ocrx_word' id='word_1_142' title='bbox 1307 2668 1368 2723; x_wconf 69' lang='lat' dir='ltr'><strong>da·</strong></span> <span class='ocrx_word' id='word_1_143' title='bbox 1401 2668 1554 2723; x_wconf 78' lang='lat' dir='ltr'><strong>Scato</strong></span> <span class='ocrx_word' id='word_1_144' title='bbox 1588 2670 1640 2722; x_wconf 78' lang='lat' dir='ltr'><strong>in</strong></span> <span class='ocrx_word' id='word_1_145' title='bbox 1687 2666 1945 2736; x_wconf 69' lang='lat' dir='ltr'><strong>Venetia).</strong></span> 
     </span>
     <span class='ocr_line' id='line_1_22' title="bbox 767 2751 2711 2820; baseline 0.001 -12"><span class='ocrx_word' id='word_1_146' title='bbox 767 2755 897 2810; x_wconf 89' lang='lat' dir='ltr'><strong>Atti</strong></span> <span class='ocrx_word' id='word_1_147' title='bbox 933 2773 966 2810; x_wconf 84' lang='lat' dir='ltr'><strong>e</strong></span> <span class='ocrx_word' id='word_1_148' title='bbox 1001 2752 1170 2809; x_wconf 87' lang='lat' dir='ltr'><strong>Bolle</strong></span> <span class='ocrx_word' id='word_1_149' title='bbox 1205 2752 1364 2809; x_wconf 87' lang='lat' dir='ltr'><strong>della</strong></span> <span class='ocrx_word' id='word_1_150' title='bbox 1401 2752 1578 2809; x_wconf 82' lang='lat' dir='ltr'><strong>Curia</strong></span> <span class='ocrx_word' id='word_1_151' title='bbox 1611 2752 1900 2820; x_wconf 82' lang='lat' dir='ltr'><strong>Romana,</strong></span> <span class='ocrx_word' id='word_1_152' title='bbox 1939 2751 2129 2807; x_wconf 77' lang='lat' dir='ltr'><strong>Busta</strong></span> <span class='ocrx_word' id='word_1_153' title='bbox 2160 2752 2245 2808; x_wconf 85' lang='lat'><strong>28.</strong></span> <span class='ocrx_word' id='word_1_154' title='bbox 2286 2752 2537 2810; x_wconf 82' lang='lat' dir='ltr'><strong>Polonia</strong></span> <span class='ocrx_word' id='word_1_155' title='bbox 2573 2753 2642 2807; x_wconf 88' lang='lat' dir='ltr'><strong>N.</strong></span> <span class='ocrx_word' id='word_1_156' title='bbox 2682 2754 2711 2809; x_wconf 88' lang='lat'>1</span> 
     </span>
    </p>
   </div>
   <div class='ocr_carea' id='block_1_5' title="bbox 1621 2907 2135 2924">
    <p class='ocr_par' dir='ltr' id='par_1_8' title="bbox 1621 2907 2135 2924">
     <span class='ocr_line' id='line_1_23' title="bbox 1621 2907 2135 2924; baseline 0 2263"><span class='ocrx_word' id='word_1_157' title='bbox 1621 2907 2135 2924; x_wconf 95' lang='lat' dir='ltr'><strong> </strong></span> 
     </span>
    </p>
   </div>
   <div class='ocr_carea' id='block_1_6' title="bbox 1649 3009 2105 3088">
    <p class='ocr_par' dir='ltr' id='par_1_9' title="bbox 1649 3009 2105 3088">
     <span class='ocr_line' id='line_1_24' title="bbox 1649 3009 2105 3088; baseline 0.007 -3"><span class='ocrx_word' id='word_1_158' title='bbox 1649 3009 2105 3088; x_wconf 79' lang='lat' dir='ltr'>LXXXVI.</span> 
     </span>
    </p>
   </div>
   <div class='ocr_carea' id='block_1_7' title="bbox 655 3146 3048 4562">
    <p class='ocr_par' dir='ltr' id='par_1_10' title="bbox 655 3146 3048 4562">
     <span class='ocr_line' id='line_1_25' title="bbox 903 3146 3048 3231; baseline 0 -18"><span class='ocrx_word' id='word_1_159' title='bbox 903 3146 1282 3214; x_wconf 89' lang='lat' dir='ltr'><strong>Beatissime</strong></span> <span class='ocrx_word' id='word_1_160' title='bbox 1326 3152 1512 3230; x_wconf 85' lang='lat' dir='ltr'><strong>pater</strong></span> <span class='ocrx_word' id='word_1_161' title='bbox 1579 3153 1643 3213; x_wconf 88' lang='lat' dir='ltr'><strong>et</strong></span> <span class='ocrx_word' id='word_1_162' title='bbox 1703 3146 2183 3214; x_wconf 88' lang='lat' dir='ltr'><strong>clementissime</strong></span> <span class='ocrx_word' id='word_1_163' title='bbox 2246 3146 2516 3213; x_wconf 89' lang='lat' dir='ltr'><strong>domine.</strong></span> <span class='ocrx_word' id='word_1_164' title='bbox 2608 3146 2767 3214; x_wconf 89' lang='lat' dir='ltr'><strong>Post</strong></span> <span class='ocrx_word' id='word_1_165' title='bbox 2811 3148 3048 3231; x_wconf 88' lang='lat' dir='ltr'><strong>pedum</strong></span> 
     </span>
     <span class='ocr_line' id='line_1_26' title="bbox 663 3249 3047 3319; baseline -0.001 -2"><span class='ocrx_word' id='word_1_166' title='bbox 663 3250 916 3317; x_wconf 83' lang='lat' dir='ltr'><strong>-oscula</strong></span> <span class='ocrx_word' id='word_1_167' title='bbox 979 3250 1328 3317; x_wconf 87' lang='lat' dir='ltr'><strong>beatorum.</strong></span> <span class='ocrx_word' id='word_1_168' title='bbox 1421 3249 2051 3315; x_wconf 88' lang='lat' dir='ltr'><strong>Commendacionem</strong></span> <span class='ocrx_word' id='word_1_169' title='bbox 2113 3249 2545 3315; x_wconf 85' lang='lat' dir='ltr'><strong>humillimam.</strong></span> <span class='ocrx_word' id='word_1_170' title='bbox 2634 3250 2871 3319; x_wconf 84' lang='lat' dir='ltr'><strong>Datum</strong></span> <span class='ocrx_word' id='word_1_171' title='bbox 2946 3256 3047 3318; x_wconf 87' lang='lat' dir='ltr'><strong>est</strong></span> 
     </span>
     <span class='ocr_line' id='line_1_27' title="bbox 696 3350 3045 3435; baseline 0 -16"><span class='ocrx_word' id='word_1_172' title='bbox 696 3352 906 3435; x_wconf 86' lang='lat' dir='ltr'><strong>michy</strong></span> <span class='ocrx_word' id='word_1_173' title='bbox 950 3351 1235 3434; x_wconf 85' lang='lat' dir='ltr'><strong>intelligi.</strong></span> <span class='ocrx_word' id='word_1_174' title='bbox 1339 3352 1528 3431; x_wconf 85' lang='lat' dir='ltr'><strong>Quod</strong></span> <span class='ocrx_word' id='word_1_175' title='bbox 1572 3350 1634 3418; x_wconf 89' lang='lat' dir='ltr'><strong>S.</strong></span> <span class='ocrx_word' id='word_1_176' title='bbox 1682 3351 1759 3418; x_wconf 90' lang='lat' dir='ltr'><strong>V.</strong></span> <span class='ocrx_word' id='word_1_177' title='bbox 1805 3351 2138 3418; x_wconf 88' lang='lat' dir='ltr'><strong>ecclesiam</strong></span> <span class='ocrx_word' id='word_1_178' title='bbox 2208 3352 2585 3418; x_wconf 87' lang='lat' dir='ltr'><strong>Plocensem</strong></span> <span class='ocrx_word' id='word_1_179' title='bbox 2645 3352 2729 3419; x_wconf 87' lang='lat' dir='ltr'><strong>ad</strong></span> <span class='ocrx_word' id='word_1_180' title='bbox 2780 3371 3045 3435; x_wconf 82' lang='lat' dir='ltr'><strong>presens</strong></span> 
     </span>
     <span class='ocr_line' id='line_1_28' title="bbox 699 3453 3046 3536; baseline 0 -16"><span class='ocrx_word' id='word_1_181' title='bbox 699 3458 1031 3520; x_wconf 84' lang='lat' dir='ltr'><strong>vacantem</strong></span> <span class='ocrx_word' id='word_1_182' title='bbox 1077 3453 1162 3520; x_wconf 90' lang='lat' dir='ltr'><strong>ad</strong></span> <span class='ocrx_word' id='word_1_183' title='bbox 1208 3454 1512 3521; x_wconf 88' lang='lat' dir='ltr'><strong>alciorem</strong></span> <span class='ocrx_word' id='word_1_184' title='bbox 1559 3462 1795 3535; x_wconf 86' lang='lat' dir='ltr'><strong>taxam‚</strong></span> <span class='ocrx_word' id='word_1_185' title='bbox 1864 3472 2058 3536; x_wconf 89' lang='lat' dir='ltr'><strong>quam</strong></span> <span class='ocrx_word' id='word_1_186' title='bbox 2128 3459 2499 3520; x_wconf 85' lang='lat' dir='ltr'><strong>consuetum</strong></span> <span class='ocrx_word' id='word_1_187' title='bbox 2564 3453 2687 3520; x_wconf 83' lang='lat' dir='ltr'><strong>fuit</strong></span> <span class='ocrx_word' id='word_1_188' title='bbox 2732 3455 3046 3521; x_wconf 86' lang='lat' dir='ltr'><strong>extimare</strong></span> 
     </span>
     <span class='ocr_line' id='line_1_29' title="bbox 695 3554 3041 3639; baseline 0 -16"><span class='ocrx_word' id='word_1_189' title='bbox 695 3557 938 3623; x_wconf 88' lang='lat' dir='ltr'><strong>nititur.</strong></span> <span class='ocrx_word' id='word_1_190' title='bbox 1026 3554 1116 3621; x_wconf 88' lang='lat' dir='ltr'><strong>Et</strong></span> <span class='ocrx_word' id='word_1_191' title='bbox 1179 3555 1276 3621; x_wconf 89' lang='lat' dir='ltr'><strong>illi</strong></span> <span class='ocrx_word' id='word_1_192' title='bbox 1345 3555 1674 3639; x_wconf 88' lang='lat' dir='ltr'><strong>duplatam</strong></span> <span class='ocrx_word' id='word_1_193' title='bbox 1745 3555 1929 3637; x_wconf 88' lang='lat' dir='ltr'><strong>quasi</strong></span> <span class='ocrx_word' id='word_1_194' title='bbox 1978 3558 2275 3621; x_wconf 85' lang='lat' dir='ltr'><strong>annatam</strong></span> <span class='ocrx_word' id='word_1_195' title='bbox 2339 3556 2677 3638; x_wconf 89' lang='lat' dir='ltr'><strong>imponere.</strong></span> <span class='ocrx_word' id='word_1_196' title='bbox 2770 3556 2870 3622; x_wconf 87' lang='lat' dir='ltr'><strong>Ex</strong></span> <span class='ocrx_word' id='word_1_197' title='bbox 2913 3575 3041 3639; x_wconf 91' lang='lat' dir='ltr'><strong>quo</strong></span> 
     </span>
     <span class='ocr_line' id='line_1_30' title="bbox 663 3656 3041 3746; baseline 0.001 -22"><span class='ocrx_word' id='word_1_198' title='bbox 663 3677 954 3746; x_wconf 46' lang='lat' dir='ltr'><strong>„possum</strong></span> <span class='ocrx_word' id='word_1_199' title='bbox 1017 3656 1204 3725; x_wconf 87' lang='lat' dir='ltr'><strong>facile</strong></span> <span class='ocrx_word' id='word_1_200' title='bbox 1273 3656 1593 3740; x_wconf 76' lang='lat' dir='ltr'><strong>colligere,</strong></span> <span class='ocrx_word' id='word_1_201' title='bbox 1662 3657 1831 3723; x_wconf 90' lang='lat' dir='ltr'><strong>idem</strong></span> <span class='ocrx_word' id='word_1_202' title='bbox 1895 3674 2055 3723; x_wconf 89' lang='lat' dir='ltr'><strong>onus</strong></span> <span class='ocrx_word' id='word_1_203' title='bbox 2122 3657 2263 3724; x_wconf 83' lang='lat' dir='ltr'><strong>aliis</strong></span> <span class='ocrx_word' id='word_1_204' title='bbox 2324 3658 2603 3725; x_wconf 88' lang='lat' dir='ltr'><strong>ecclesiis</strong></span> <span class='ocrx_word' id='word_1_205' title='bbox 2640 3658 2847 3741; x_wconf 86' lang='lat' dir='ltr'><strong>Regni</strong></span> <span class='ocrx_word' id='word_1_206' title='bbox 2912 3660 3041 3726; x_wconf 86' lang='lat' dir='ltr'><strong>mei</strong></span> 
     </span>
     <span class='ocr_line' id='line_1_31' title="bbox 699 3760 3045 3844; baseline 0.001 -17"><span class='ocrx_word' id='word_1_207' title='bbox 699 3762 1061 3844; x_wconf 90' lang='lat' dir='ltr'><strong>impositum</strong></span> <span class='ocrx_word' id='word_1_208' title='bbox 1107 3760 1330 3843; x_wconf 85' lang='lat' dir='ltr'><strong>augeri</strong></span> <span class='ocrx_word' id='word_1_209' title='bbox 1378 3760 1632 3839; x_wconf 88' lang='lat' dir='ltr'><strong>debere,</strong></span> <span class='ocrx_word' id='word_1_210' title='bbox 1677 3760 2011 3844; x_wconf 87' lang='lat' dir='ltr'><strong>presertim</strong></span> <span class='ocrx_word' id='word_1_211' title='bbox 2059 3760 2413 3827; x_wconf 84' lang='lat' dir='ltr'><strong>Gneznensi</strong></span> <span class='ocrx_word' id='word_1_212' title='bbox 2459 3761 2727 3841; x_wconf 83' lang='lat' dir='ltr'><strong>vacanti,</strong></span> <span class='ocrx_word' id='word_1_213' title='bbox 2789 3766 2856 3827; x_wconf 88' lang='lat' dir='ltr'><strong>et</strong></span> <span class='ocrx_word' id='word_1_214' title='bbox 2890 3762 3045 3829; x_wconf 87' lang='lat' dir='ltr'><strong>Vla-</strong></span> 
     </span>
     <span class='ocr_line' id='line_1_32' title="bbox 664 3862 3037 3945; baseline 0.001 -16"><span class='ocrx_word' id='word_1_215' title='bbox 664 3862 1069 3929; x_wconf 80' lang='lat' dir='ltr'><strong>.dislaviensi</strong></span> <span class='ocrx_word' id='word_1_216' title='bbox 1113 3868 1433 3930; x_wconf 89' lang='lat' dir='ltr'><strong>vacature.</strong></span> <span class='ocrx_word' id='word_1_217' title='bbox 1523 3864 1706 3943; x_wconf 84' lang='lat' dir='ltr'><strong>Quod</strong></span> <span class='ocrx_word' id='word_1_218' title='bbox 1750 3883 1829 3929; x_wconf 90' lang='lat' dir='ltr'><strong>ne</strong></span> <span class='ocrx_word' id='word_1_219' title='bbox 1873 3864 1990 3930; x_wconf 90' lang='lat' dir='ltr'><strong>fiat</strong></span> <span class='ocrx_word' id='word_1_220' title='bbox 2029 3882 2185 3945; x_wconf 85' lang='lat' dir='ltr'><strong>rogo</strong></span> <span class='ocrx_word' id='word_1_221' title='bbox 2248 3864 2571 3931; x_wconf 88' lang='lat' dir='ltr'><strong>humiliter</strong></span> <span class='ocrx_word' id='word_1_222' title='bbox 2616 3864 2682 3931; x_wconf 90' lang='lat' dir='ltr'><strong>S.</strong></span> <span class='ocrx_word' id='word_1_223' title='bbox 2738 3871 3037 3932; x_wconf 87' lang='lat' dir='ltr'><strong>vestram.</strong></span> 
     </span>
     <span class='ocr_line' id='line_1_33' title="bbox 695 3964 3040 4050; baseline 0.002 -20"><span class='ocrx_word' id='word_1_224' title='bbox 695 3964 967 4031; x_wconf 89' lang='lat' dir='ltr'><strong>Tantum</strong></span> <span class='ocrx_word' id='word_1_225' title='bbox 1013 3965 1182 4031; x_wconf 90' lang='lat' dir='ltr'><strong>enim</strong></span> <span class='ocrx_word' id='word_1_226' title='bbox 1225 3966 1349 4032; x_wconf 91' lang='lat' dir='ltr'><strong>iste</strong></span> <span class='ocrx_word' id='word_1_227' title='bbox 1418 3965 1684 4031; x_wconf 85' lang='lat' dir='ltr'><strong>ecclesie</strong></span> <span class='ocrx_word' id='word_1_228' title='bbox 1749 3971 2011 4032; x_wconf 88' lang='lat' dir='ltr'><strong>onerate</strong></span> <span class='ocrx_word' id='word_1_229' title='bbox 2083 3971 2251 4047; x_wconf 85' lang='lat' dir='ltr'><strong>sunt,</strong></span> <span class='ocrx_word' id='word_1_230' title='bbox 2325 3965 2496 4047; x_wconf 87' lang='lat' dir='ltr'><strong>quod</strong></span> <span class='ocrx_word' id='word_1_231' title='bbox 2558 3967 2827 4050; x_wconf 87' lang='lat' dir='ltr'><strong>amplius</strong></span> <span class='ocrx_word' id='word_1_232' title='bbox 2870 3967 3040 4036; x_wconf 86' lang='lat' dir='ltr'><strong>ferre</strong></span> 
     </span>
     <span class='ocr_line' id='line_1_34' title="bbox 692 4066 3043 4152; baseline 0.001 -19"><span class='ocrx_word' id='word_1_233' title='bbox 692 4087 817 4134; x_wconf 91' lang='lat' dir='ltr'><strong>non</strong></span> <span class='ocrx_word' id='word_1_234' title='bbox 861 4073 1142 4151; x_wconf 87' lang='lat' dir='ltr'><strong>possunt.</strong></span> <span class='ocrx_word' id='word_1_235' title='bbox 1188 4066 1276 4133; x_wconf 91' lang='lat' dir='ltr'><strong>Et</strong></span> <span class='ocrx_word' id='word_1_236' title='bbox 1315 4074 1556 4135; x_wconf 89' lang='lat' dir='ltr'><strong>certum</strong></span> <span class='ocrx_word' id='word_1_237' title='bbox 1600 4074 1701 4134; x_wconf 89' lang='lat' dir='ltr'><strong>est</strong></span> <span class='ocrx_word' id='word_1_238' title='bbox 1740 4068 1913 4150; x_wconf 86' lang='lat' dir='ltr'><strong>quod</strong></span> <span class='ocrx_word' id='word_1_239' title='bbox 1932 4069 1986 4135; x_wconf 93' lang='lat' dir='ltr'><strong>si</strong></span> <span class='ocrx_word' id='word_1_240' title='bbox 2009 4068 2218 4136; x_wconf 81' lang='lat' dir='ltr'><strong>adhuc</strong></span> <span class='ocrx_word' id='word_1_241' title='bbox 2240 4068 2380 4152; x_wconf 87' lang='lat' dir='ltr'><strong>plns</strong></span> <span class='ocrx_word' id='word_1_242' title='bbox 2418 4074 2854 4135; x_wconf 83' lang='lat' dir='ltr'><strong>onerarentur.</strong></span> <span class='ocrx_word' id='word_1_243' title='bbox 2886 4068 3043 4136; x_wconf 88' lang='lat' dir='ltr'><strong>Pos-</strong></span> 
     </span>
     <span class='ocr_line' id='line_1_35' title="bbox 693 4170 3035 4254; baseline 0.002 -18"><span class='ocrx_word' id='word_1_244' title='bbox 693 4188 982 4236; x_wconf 87' lang='lat' dir='ltr'><strong>sessores</strong></span> <span class='ocrx_word' id='word_1_245' title='bbox 1029 4188 1249 4235; x_wconf 90' lang='lat' dir='ltr'><strong>earum</strong></span> <span class='ocrx_word' id='word_1_246' title='bbox 1291 4186 1412 4236; x_wconf 88' lang='lat' dir='ltr'><strong>nec</strong></span> <span class='ocrx_word' id='word_1_247' title='bbox 1453 4170 1754 4236; x_wconf 89' lang='lat' dir='ltr'><strong>oneribus</strong></span> <span class='ocrx_word' id='word_1_248' title='bbox 1798 4170 2063 4238; x_wconf 90' lang='lat' dir='ltr'><strong>ecclesie</strong></span> <span class='ocrx_word' id='word_1_249' title='bbox 2118 4186 2327 4251; x_wconf 88' lang='lat' dir='ltr'><strong>neque</strong></span> <span class='ocrx_word' id='word_1_250' title='bbox 2382 4171 2571 4237; x_wconf 87' lang='lat' dir='ltr'><strong>etiam</strong></span> <span class='ocrx_word' id='word_1_251' title='bbox 2617 4170 2906 4254; x_wconf 90' lang='lat' dir='ltr'><strong>publicis,</strong></span> <span class='ocrx_word' id='word_1_252' title='bbox 2952 4174 3035 4239; x_wconf 73' lang='lat' dir='ltr'><strong>ad</strong></span> 
     </span>
     <span class='ocr_line' id='line_1_36' title="bbox 657 4272 3035 4357; baseline 0.002 -19"><span class='ocrx_word' id='word_1_253' title='bbox 657 4315 672 4327; x_wconf 79' lang='lat'><strong>.</strong></span> <span class='ocrx_word' id='word_1_254' title='bbox 691 4290 816 4354; x_wconf 88' lang='lat' dir='ltr'><strong>que</strong></span> <span class='ocrx_word' id='word_1_255' title='bbox 861 4276 1162 4339; x_wconf 88' lang='lat' dir='ltr'><strong>tenentur</strong></span> <span class='ocrx_word' id='word_1_256' title='bbox 1205 4278 1467 4354; x_wconf 84' lang='lat' dir='ltr'><strong>possent</strong></span> <span class='ocrx_word' id='word_1_257' title='bbox 1513 4272 1900 4340; x_wconf 84' lang='lat' dir='ltr'><strong>satisfacere.</strong></span> <span class='ocrx_word' id='word_1_258' title='bbox 1990 4272 2080 4339; x_wconf 85' lang='lat' dir='ltr'><strong>Et</strong></span> <span class='ocrx_word' id='word_1_259' title='bbox 2139 4273 2283 4340; x_wconf 87' lang='lat' dir='ltr'><strong>ideo</strong></span> <span class='ocrx_word' id='word_1_260' title='bbox 2338 4272 2570 4339; x_wconf 87' lang='lat' dir='ltr'><strong>iterum</strong></span> <span class='ocrx_word' id='word_1_261' title='bbox 2611 4293 2791 4357; x_wconf 86' lang='lat' dir='ltr'><strong>rogo,</strong></span> <span class='ocrx_word' id='word_1_262' title='bbox 2862 4276 3035 4357; x_wconf 87' lang='lat' dir='ltr'><strong>quod</strong></span> 
     </span>
     <span class='ocr_line' id='line_1_37' title="bbox 694 4375 3039 4456; baseline 0.003 -15"><span class='ocrx_word' id='word_1_263' title='bbox 694 4376 762 4441; x_wconf 92' lang='lat' dir='ltr'><strong>in</strong></span> <span class='ocrx_word' id='word_1_264' title='bbox 807 4376 939 4441; x_wconf 87' lang='lat' dir='ltr'><strong>suis</strong></span> <span class='ocrx_word' id='word_1_265' title='bbox 985 4375 1264 4456; x_wconf 87' lang='lat' dir='ltr'><strong>antiquis</strong></span> <span class='ocrx_word' id='word_1_266' title='bbox 1306 4376 1473 4441; x_wconf 85' lang='lat' dir='ltr'><strong>taxis</strong></span> <span class='ocrx_word' id='word_1_267' title='bbox 1518 4382 1837 4443; x_wconf 89' lang='lat' dir='ltr'><strong>maneant.</strong></span> <span class='ocrx_word' id='word_1_268' title='bbox 1919 4376 2097 4443; x_wconf 89' lang='lat' dir='ltr'><strong>Alias</strong></span> <span class='ocrx_word' id='word_1_269' title='bbox 2141 4394 2249 4442; x_wconf 88' lang='lat' dir='ltr'><strong>cer</strong></span> <span class='ocrx_word' id='word_1_270' title='bbox 2400 4377 2601 4443; x_wconf 88' lang='lat' dir='ltr'><strong>ertior</strong></span> <span class='ocrx_word' id='word_1_271' title='bbox 2660 4376 2853 4445; x_wconf 88' lang='lat' dir='ltr'><strong>debet</strong></span> <span class='ocrx_word' id='word_1_272' title='bbox 2895 4396 3039 4447; x_wconf 88' lang='lat' dir='ltr'><strong>esse</strong></span> 
     </span>
     <span class='ocr_line' id='line_1_38' title="bbox 655 4476 3036 4562; baseline 0.003 -21"><span class='ocrx_word' id='word_1_273' title='bbox 655 4478 1013 4545; x_wconf 84' lang='lat' dir='ltr'><strong>..Sanctitas</strong></span> <span class='ocrx_word' id='word_1_274' title='bbox 1075 4483 1292 4544; x_wconf 84' lang='lat' dir='ltr'><strong>vestra</strong></span> <span class='ocrx_word' id='word_1_275' title='bbox 1358 4476 1532 4559; x_wconf 89' lang='lat' dir='ltr'><strong>quod</strong></span> <span class='ocrx_word' id='word_1_276' title='bbox 1597 4496 1723 4544; x_wconf 91' lang='lat' dir='ltr'><strong>non</strong></span> <span class='ocrx_word' id='word_1_277' title='bbox 1790 4478 2009 4562; x_wconf 86' lang='lat' dir='ltr'><strong>paciar</strong></span> <span class='ocrx_word' id='word_1_278' title='bbox 2074 4495 2183 4544; x_wconf 85' lang='lat' dir='ltr'><strong>eas</strong></span> <span class='ocrx_word' id='word_1_279' title='bbox 2243 4490 2325 4552; x_wconf 60' lang='lat' dir='ltr'><strong>eh</strong></span> <span class='ocrx_word' id='word_1_280' title='bbox 2382 4478 2479 4546; x_wconf 87' lang='lat' dir='ltr'><strong>ari</strong></span> <span class='ocrx_word' id='word_1_281' title='bbox 2533 4479 2732 4547; x_wconf 82' lang='lat' dir='ltr'><strong>eciam</strong></span> <span class='ocrx_word' id='word_1_282' title='bbox 2795 4480 2851 4549; x_wconf 87' lang='lat' dir='ltr'><strong>si</strong></span> <span class='ocrx_word' id='word_1_283' title='bbox 2894 4498 3036 4547; x_wconf 91' lang='lat' dir='ltr'><strong>cum</strong></span> 
     </span>
    </p>
   </div>
  </div>
 </body>
</html>
