3793 5187
1696 526 1778 591 85

570 727 813 793 Iearum
850 730 1281 811 predictarum
1326 730 1489 796 sicut
1534 732 1891 795 continetur
1937 731 1998 793 in
2041 729 2318 813 capitulo
2349 728 2758 811 expositionis
2787 746 2903 809 per

574 836 639 895 te
684 830 889 897 fiende
930 831 1183 913 prefato
1228 830 1640 899 Serenissimo
1682 834 1875 917 Rege.

778 968 1040 1039 (Archive’o
1080 967 1139 1023 di
1170 967 1321 1023 Scato
1367 968 1607 1033 Venetia,

696 1052 913 1109 Senato
952 1050 1193 1123 Secreti,
1228 1070 1352 1123 reg.
1394 1055 1473 1124 16,
1510 1070 1555 1108 e.
1593 1052 1701 1125 73.)

1238 1465 1669 1533 ΜΒΒΒΒΧΗΙΙΙ.
1713 1465 1809 1533 die
1852 1466 1986 1533 ΧΧΙ.
2031 1464 2238 1533 martii.

785 1632 969 1711 Quod
1017 1632 1429 1699 Consiliarius
1484 1633 1717 1699 mensis
1777 1638 2072 1700 teneatur
2137 1633 2252 1699 sub
2312 1650 2476 1715 pena
2537 1633 2907 1698 ducatorum

582 1736 847 1801 Centum
890 1736 955 1800 in
999 1736 1274 1817 propriis
1323 1736 1457 1800 eius
1502 1735 1685 1801 bonis
1730 1737 1883 1803 dare
1927 1754 2044 1817 per
2085 1739 2288 1801 totam
2322 1733 2486 1800 diem
2518 1735 2662 1800 lune
2693 1732 2910 1798 XXIII

582 1838 901 1919 presentis
947 1836 1419 1918 circumspecto
1482 1839 1830 1903 secretario
1892 1844 2111 1903 nostro
2179 1836 2450 1903 ,Iohanni
2501 1838 2582 1903 de
2625 1836 2910 1917 Regnar-

552 1938 749 2005 -datis
806 1939 999 2017 ituro,
1068 1944 1141 2004 ut
1188 1944 1441 2021 captum
1494 1946 1611 2018 est,
1665 1940 1747 2005 ad
1788 1940 2266 2006 serenissimum
2317 1939 2628 2005 dominum
2673 1938 2912 2021 Regem

584 2040 849 2107 Polonie
897 2042 1189 2107 denarios
1250 2060 1368 2124 pro
1413 2043 1611 2123 ipsius
1662 2043 2063 2124 expeditione
2123 2042 2534 2119 necessarios,
2600 2042 2692 2106 ita
2739 2041 2910 2121 quod

590 2156 896 2225 sequatur
940 2144 1105 2209 viam
1148 2163 1343 2211 suam.
1417 2144 1653 2210 Verum
1690 2144 1747 2209 si
1787 2146 1851 2209 in
1894 2145 1997 2209 via
2041 2162 2156 2209 sua
2199 2144 2360 2209 idem
2402 2142 2722 2209 Johannes
2765 2160 2912 2225 rep-

582 2246 793 2327 periet
832 2244 1448 2312 Reverendissimum
1492 2247 1811 2313 dominum
1862 2246 2282 2325 Cardinalem,
2348 2244 2584 2311 referat
2629 2264 2742 2311 sue
2786 2244 2911 2309 Re·

584 2348 1036 2413 verendissime
1075 2348 1449 2431 paternitati
1480 2367 1555 2413 ea
1599 2367 1721 2429 que
1765 2350 1823 2413 ei
1860 2366 2180 2431 exponere
2211 2348 2504 2425 habebat,
2551 2365 2625 2412 ac
2657 2364 2910 2413 causam

583 2450 678 2517 sui
724 2468 1035 2529 accessuS‚
1099 2456 1165 2515 et
1206 2457 1508 2531 sequatur
1550 2451 1717 2515 viam
1776 2468 1956 2516 suam
1998 2452 2076 2515 ad
2121 2450 2376 2532 Regem,
2427 2456 2492 2515 et
2531 2450 2690 2513 alios
2733 2454 2807 2513 ut
2847 2446 2912 2512 in

594 2552 1025 2619 commissione
1068 2570 1185 2618 sua
1230 2557 1505 2619 cavetur.
1572 2550 1637 2618 Si
1676 2571 1827 2619 vero
1863 2571 1990 2619 non
2030 2553 2464 2635 repperiretur
2510 2552 2742 2618 dictum
2787 2549 2912 2614 Re-

583 2656 1103 2721 verendissimum
1150 2656 1467 2721 dominum
1510 2655 1928 2733 Cardinalem‚
1969 2659 2276 2736 sequatur
2312 2654 2578 2720 formam
2623 2653 2910 2719 commis-

588 2757 777 2824 sionis
820 2761 887 2822 et
926 2758 1097 2823 dicat
1142 2759 1392 2825 domino
1437 2758 1737 2823 cardinali
1780 2764 1845 2823 et
1888 2757 2044 2840 Regi
2089 2776 2164 2822 ea
2207 2775 2330 2840 que
2369 2758 2576 2822 dicere
2605 2756 2812 2834 habet,
2857 2755 2911 2820 si

586 2859 933 2925 Cardinalis
976 2860 1063 2926 ibi
1108 2861 1245 2941 erit,
1292 2862 1345 2925 si
1384 2879 1529 2926 vero
1562 2859 1909 2925 Cardinalis
1952 2860 2038 2925 ibi
2067 2879 2191 2925 non
2227 2866 2408 2940 esset,
2453 2849 2740 2940 exponat
2755 2857 2908 2940 Regi

583 2965 647 3028 et
687 2963 909 3028 ceteris
956 2981 1031 3028 ea
1073 2982 1195 3045 que
1236 2980 1546 3044 exponere
1589 2961 1795 3028 habet.

889 3081 983 3147 De
1022 3088 1201 3164 parte
1243 3081 1369 3147 alii.
1460 3080 1553 3146 De
1595 3099 1717 3146 non
1768 3085 1823 3145 1.
1915 3080 2058 3146 Non
2100 3080 2323 3146 sinceri
2374 3084 2425 3144 l.

720 3214 981 3284 (Archivio
1022 3215 1080 3270 da·
1112 3216 1262 3270 Scato
1298 3217 1351 3269 in
1399 3214 1638 3280 Venetia,

653 3297 872 3355 Senato
910 3300 1150 3368 Socrati,
1186 3317 1309 3370 reg.
1348 3301 1427 3368 16,
1470 3318 1517 3356 ο.
1553 3301 1621 3355 79
1645 3299 1712 3370 t.)

1504 3448 2003 3470 vaxmxsz

1629 3573 1841 3648 XLI.

1222 3710 1650 3778 mccccxum.
1697 3711 1791 3778 die
1835 3711 2011 3778 ΧΧΙΙΙ.
2061 3709 2268 3776 Martii.

1080 3877 1510 3946 Illustrissimo
1553 3881 1803 3947 domino
1849 3881 1991 3946 duci
2038 3879 2406 3963 Burgondie.

790 3995 1220 4064 illustrissime
1262 3997 1557 4080 Princeps
1594 4006 1658 4066 et
1686 3999 2218 4066 Excellentissime
2245 3999 2508 4065 domine.
2573 3998 2743 4064 Duas
2773 3998 2912 4065 lite-

586 4117 691 4165 ras
737 4097 1139 4166 Celsitudinis
1192 4105 1397 4167 vaetre
1454 4102 1635 4190 datas
1692 4103 1793 4168 die
1849 4102 1926 4167 X.
1975 4102 2204 4168 mensis
2265 4102 2587 4168 Februarii
2649 4102 2912 4184 proximi

587 4200 750 4283 lapsi
792 4200 1181 4269 humanitate
1234 4209 1299 4269 et
1343 4203 1759 4270 benivolentia
1814 4205 2050 4287 plenas
2109 4203 2296 4269 solita
2342 4203 2666 4270 affectione
2703 4221 2908 4269 susce-

584 4302 808 4390 pimus„
868 4323 991 4386 que
1050 4305 1476 4389 principaliter
1532 4308 1611 4373 de
1666 4307 1865 4372 classe
1923 4305 2240 4371 maritima
2297 4307 2590 4370 adversus
2648 4305 2914 4388 perfidos

592 4406 793 4472 erucis
852 4411 917 4472 et
974 4407 1297 4474 christiani
1340 4409 1605 4475 nominis
1649 4409 1859 4475 hostes
1921 4415 2164 4478 teucros
2235 4408 2618 4490 expedienda
2682 4407 2917 4473 faciunt
