<?xml version="1.0" encoding="UTF-8"?>
<!DOCTYPE html PUBLIC "-//W3C//DTD XHTML 1.0 Transitional//EN"
    "http://www.w3.org/TR/xhtml1/DTD/xhtml1-transitional.dtd">
<html xmlns="http://www.w3.org/1999/xhtml" xml:lang="en" lang="en">
 <head>
  <title>
</title>
<meta http-equiv="Content-Type" content="text/html;charset=utf-8" />
  <meta name='ocr-system' content='tesseract 3.04.00' />
  <meta name='ocr-capabilities' content='ocr_page ocr_carea ocr_par ocr_line ocrx_word'/>
</head>
<body>
  <div class='ocr_page' id='page_1' title='image "./fontesrerumpolo00unkngoog_0190.png"; bbox 0 0 3793 5187; ppageno 0'>
   <div class='ocr_carea' id='block_1_1' title="bbox 1760 672 1883 738">
    <p class='ocr_par' dir='ltr' id='par_1_1' title="bbox 1760 672 1883 738">
     <span class='ocr_line' id='line_1_1' title="bbox 1760 672 1883 738; baseline -0.008 0"><span class='ocrx_word' id='word_1_1' title='bbox 1760 672 1883 738; x_wconf 75' lang='lat'>1⁹3</span> 
     </span>
    </p>
   </div>
   <div class='ocr_carea' id='block_1_2' title="bbox 1627 756 2038 770">
    <p class='ocr_par' dir='ltr' id='par_1_2' title="bbox 1627 756 2038 770">
     <span class='ocr_line' id='line_1_2' title="bbox 1627 756 2038 770; baseline 0 4417"><span class='ocrx_word' id='word_1_2' title='bbox 1627 756 2038 770; x_wconf 95' lang='lat' dir='ltr'> </span> 
     </span>
    </p>
   </div>
   <div class='ocr_carea' id='block_1_3' title="bbox 613 873 3007 3112">
    <p class='ocr_par' dir='ltr' id='par_1_3' title="bbox 619 873 3007 1374">
     <span class='ocr_line' id='line_1_3' title="bbox 619 873 3005 962; baseline 0.003 -18"><span class='ocrx_word' id='word_1_3' title='bbox 619 901 647 916; x_wconf 80' lang='grc'>-·</span> <span class='ocrx_word' id='word_1_4' title='bbox 657 875 944 944; x_wconf 83' lang='lat' dir='ltr'>sentibus</span> <span class='ocrx_word' id='word_1_5' title='bbox 991 881 1058 942; x_wconf 88' lang='lat' dir='ltr'>te</span> <span class='ocrx_word' id='word_1_6' title='bbox 1104 873 1394 942; x_wconf 82' lang='lat' dir='ltr'>conferas</span> <span class='ocrx_word' id='word_1_7' title='bbox 1438 875 1741 960; x_wconf 79' lang='lat' dir='ltr'>evestigio</span> <span class='ocrx_word' id='word_1_8' title='bbox 1786 875 1871 941; x_wconf 89' lang='lat' dir='ltr'>ad</span> <span class='ocrx_word' id='word_1_9' title='bbox 1907 875 2289 959; x_wconf 79' lang='lat' dir='ltr'><strong>presentiam</strong></span> <span class='ocrx_word' id='word_1_10' title='bbox 2348 878 2529 962; x_wconf 84' lang='lat' dir='ltr'>regie</span> <span class='ocrx_word' id='word_1_11' title='bbox 2582 879 3005 950; x_wconf 84' lang='lat' dir='ltr'>Sublimitatis</span> 
     </span>
     <span class='ocr_line' id='line_1_4' title="bbox 668 976 3007 1068; baseline 0.003 -23"><span class='ocrx_word' id='word_1_12' title='bbox 668 979 1048 1062; x_wconf 87' lang='lat' dir='ltr'>ubicumque</span> <span class='ocrx_word' id='word_1_13' title='bbox 1090 977 1204 1044; x_wconf 87' lang='lat' dir='ltr'>illa</span> <span class='ocrx_word' id='word_1_14' title='bbox 1245 977 1455 1045; x_wconf 87' lang='lat' dir='ltr'>fuerit.</span> <span class='ocrx_word' id='word_1_15' title='bbox 1509 977 1601 1045; x_wconf 92' lang='lat' dir='ltr'>Et</span> <span class='ocrx_word' id='word_1_16' title='bbox 1635 976 1846 1044; x_wconf 85' lang='lat' dir='ltr'>verbis</span> <span class='ocrx_word' id='word_1_17' title='bbox 1889 978 2135 1046; x_wconf 76' lang='lat' dir='ltr'>idoneis</span> <span class='ocrx_word' id='word_1_18' title='bbox 2178 983 2247 1046; x_wconf 90' lang='lat' dir='ltr'>et</span> <span class='ocrx_word' id='word_1_19' title='bbox 2288 982 2801 1051; x_wconf 80' lang='lat' dir='ltr'>convenientibus</span> <span class='ocrx_word' id='word_1_20' title='bbox 2857 1004 3007 1068; x_wconf 89' lang='lat' dir='ltr'>pre·</span> 
     </span>
     <span class='ocr_line' id='line_1_5' title="bbox 660 1077 3003 1166; baseline 0.003 -18"><span class='ocrx_word' id='word_1_21' title='bbox 660 1081 930 1150; x_wconf 88' lang='lat' dir='ltr'>sentatis</span> <span class='ocrx_word' id='word_1_22' title='bbox 976 1081 1212 1148; x_wconf 87' lang='lat' dir='ltr'>litteris</span> <span class='ocrx_word' id='word_1_23' title='bbox 1249 1077 1591 1164; x_wconf 90' lang='lat' dir='ltr'>pontificiis</span> <span class='ocrx_word' id='word_1_24' title='bbox 1634 1079 1963 1148; x_wconf 83' lang='lat' dir='ltr'>Maiestati</span> <span class='ocrx_word' id='word_1_25' title='bbox 2005 1099 2120 1148; x_wconf 88' lang='lat' dir='ltr'>sue</span> <span class='ocrx_word' id='word_1_26' title='bbox 2164 1099 2243 1147; x_wconf 90' lang='lat' dir='ltr'>ea</span> <span class='ocrx_word' id='word_1_27' title='bbox 2277 1081 2555 1166; x_wconf 76' lang='lat' dir='ltr'>explices</span> <span class='ocrx_word' id='word_1_28' title='bbox 2599 1083 2679 1151; x_wconf 92' lang='lat' dir='ltr'>de</span> <span class='ocrx_word' id='word_1_29' title='bbox 2722 1086 3003 1166; x_wconf 86' lang='lat' dir='ltr'>periculo</span> 
     </span>
     <span class='ocr_line' id='line_1_6' title="bbox 658 1181 3005 1268; baseline 0.001 -16"><span class='ocrx_word' id='word_1_30' title='bbox 658 1203 776 1252; x_wconf 90' lang='lat' dir='ltr'>suo</span> <span class='ocrx_word' id='word_1_31' title='bbox 825 1190 892 1252; x_wconf 91' lang='lat' dir='ltr'>et</span> <span class='ocrx_word' id='word_1_32' title='bbox 933 1183 1135 1250; x_wconf 92' lang='lat' dir='ltr'>totius</span> <span class='ocrx_word' id='word_1_33' title='bbox 1176 1182 1274 1248; x_wconf 91' lang='lat' dir='ltr'>rei</span> <span class='ocrx_word' id='word_1_34' title='bbox 1315 1181 1679 1264; x_wconf 77' lang='lat' dir='ltr'>christiane,</span> <span class='ocrx_word' id='word_1_35' title='bbox 1733 1199 1858 1264; x_wconf 88' lang='lat' dir='ltr'>que</span> <span class='ocrx_word' id='word_1_36' title='bbox 1902 1183 2191 1266; x_wconf 88' lang='lat' dir='ltr'>superius</span> <span class='ocrx_word' id='word_1_37' title='bbox 2237 1185 2585 1268; x_wconf 83' lang='lat' dir='ltr'>tetigimus,</span> <span class='ocrx_word' id='word_1_38' title='bbox 2626 1187 2744 1254; x_wconf 87' lang='lat' dir='ltr'>sed</span> <span class='ocrx_word' id='word_1_39' title='bbox 2784 1192 2857 1254; x_wconf 88' lang='lat' dir='ltr'>tu</span> <span class='ocrx_word' id='word_1_40' title='bbox 2900 1207 3005 1255; x_wconf 91' lang='lat' dir='ltr'>co-</span> 
     </span>
     <span class='ocr_line' id='line_1_7' title="bbox 655 1283 3004 1374; baseline 0.003 -22"><span class='ocrx_word' id='word_1_41' title='bbox 655 1287 902 1370; x_wconf 90' lang='lat' dir='ltr'>piosius</span> <span class='ocrx_word' id='word_1_42' title='bbox 949 1293 1018 1353; x_wconf 92' lang='lat' dir='ltr'>te</span> <span class='ocrx_word' id='word_1_43' title='bbox 1055 1283 1336 1352; x_wconf 84' lang='lat' dir='ltr'>diffunde</span> <span class='ocrx_word' id='word_1_44' title='bbox 1379 1284 1761 1368; x_wconf 90' lang='lat' dir='ltr'>imponendo</span> <span class='ocrx_word' id='word_1_45' title='bbox 1808 1285 1968 1351; x_wconf 90' lang='lat' dir='ltr'>illud</span> <span class='ocrx_word' id='word_1_46' title='bbox 2010 1290 2159 1352; x_wconf 91' lang='lat' dir='ltr'>ante</span> <span class='ocrx_word' id='word_1_47' title='bbox 2199 1286 2416 1354; x_wconf 88' lang='lat' dir='ltr'>oculos</span> <span class='ocrx_word' id='word_1_48' title='bbox 2458 1307 2537 1354; x_wconf 88' lang='lat' dir='ltr'>ex</span> <span class='ocrx_word' id='word_1_49' title='bbox 2571 1291 3004 1374; x_wconf 82' lang='lat' dir='ltr'>magnitudine</span> 
     </span>
    </p>

    <p class='ocr_par' dir='ltr' id='par_1_4' title="bbox 622 1385 2999 1784">
     <span class='ocr_line' id='line_1_8' title="bbox 622 1385 2999 1475; baseline 0.003 -21"><span class='ocrx_word' id='word_1_50' title='bbox 622 1389 886 1456; x_wconf 83' lang='lat' dir='ltr'>·virium</span> <span class='ocrx_word' id='word_1_51' title='bbox 929 1387 1134 1454; x_wconf 90' lang='lat' dir='ltr'>hostis</span> <span class='ocrx_word' id='word_1_52' title='bbox 1178 1392 1245 1455; x_wconf 91' lang='lat' dir='ltr'>et</span> <span class='ocrx_word' id='word_1_53' title='bbox 1287 1405 1368 1452; x_wconf 83' lang='lat' dir='ltr'>ex</span> <span class='ocrx_word' id='word_1_54' title='bbox 1412 1385 1838 1469; x_wconf 89' lang='lat' dir='ltr'>perfidissimo</span> <span class='ocrx_word' id='word_1_55' title='bbox 1871 1392 1939 1454; x_wconf 90' lang='lat' dir='ltr'>et</span> <span class='ocrx_word' id='word_1_56' title='bbox 1968 1389 2500 1458; x_wconf 88' lang='lat' dir='ltr'>truculentissimo</span> <span class='ocrx_word' id='word_1_57' title='bbox 2542 1392 2800 1475; x_wconf 83' lang='lat' dir='ltr'>ingenio</span> <span class='ocrx_word' id='word_1_58' title='bbox 2844 1395 2999 1461; x_wconf 90' lang='lat' dir='ltr'>eius.</span> 
     </span>
     <span class='ocr_line' id='line_1_9' title="bbox 666 1490 2999 1577; baseline 0.002 -19"><span class='ocrx_word' id='word_1_59' title='bbox 666 1491 992 1575; x_wconf 83' lang='lat' dir='ltr'>Subiunge</span> <span class='ocrx_word' id='word_1_60' title='bbox 1035 1495 1266 1573; x_wconf 90' lang='lat' dir='ltr'>postea</span> <span class='ocrx_word' id='word_1_61' title='bbox 1309 1507 1386 1555; x_wconf 90' lang='lat' dir='ltr'>ea</span> <span class='ocrx_word' id='word_1_62' title='bbox 1436 1507 1561 1571; x_wconf 87' lang='lat' dir='ltr'>que</span> <span class='ocrx_word' id='word_1_63' title='bbox 1601 1490 1887 1557; x_wconf 84' lang='lat' dir='ltr'>studiose</span> <span class='ocrx_word' id='word_1_64' title='bbox 1930 1509 2144 1558; x_wconf 86' lang='lat' dir='ltr'>sumus</span> <span class='ocrx_word' id='word_1_65' title='bbox 2186 1495 2433 1574; x_wconf 90' lang='lat' dir='ltr'>operati</span> <span class='ocrx_word' id='word_1_66' title='bbox 2480 1499 2548 1561; x_wconf 89' lang='lat' dir='ltr'>et</span> <span class='ocrx_word' id='word_1_67' title='bbox 2586 1514 2704 1577; x_wconf 90' lang='lat' dir='ltr'>pro</span> <span class='ocrx_word' id='word_1_68' title='bbox 2745 1497 2999 1564; x_wconf 83' lang='lat' dir='ltr'>univer·</span> 
     </span>
     <span class='ocr_line' id='line_1_10' title="bbox 655 1590 2999 1680; baseline 0.002 -19"><span class='ocrx_word' id='word_1_69' title='bbox 655 1593 779 1662; x_wconf 87' lang='lat' dir='ltr'>sali</span> <span class='ocrx_word' id='word_1_70' title='bbox 824 1593 994 1660; x_wconf 92' lang='lat' dir='ltr'>bono</span> <span class='ocrx_word' id='word_1_71' title='bbox 1041 1597 1110 1659; x_wconf 91' lang='lat' dir='ltr'>et</span> <span class='ocrx_word' id='word_1_72' title='bbox 1149 1610 1268 1676; x_wconf 94' lang='lat' dir='ltr'>pro</span> <span class='ocrx_word' id='word_1_73' title='bbox 1311 1591 1690 1675; x_wconf 78' lang='lat' dir='ltr'>particulari</span> <span class='ocrx_word' id='word_1_74' title='bbox 1727 1590 1969 1658; x_wconf 87' lang='lat' dir='ltr'>honore</span> <span class='ocrx_word' id='word_1_75' title='bbox 2012 1596 2079 1659; x_wconf 89' lang='lat' dir='ltr'>et</span> <span class='ocrx_word' id='word_1_76' title='bbox 2120 1596 2449 1661; x_wconf 91' lang='lat' dir='ltr'>commodo</span> <span class='ocrx_word' id='word_1_77' title='bbox 2485 1597 2664 1680; x_wconf 82' lang='lat' dir='ltr'>regie</span> <span class='ocrx_word' id='word_1_78' title='bbox 2704 1596 2999 1665; x_wconf 89' lang='lat' dir='ltr'>Sublimi·</span> 
     </span>
     <span class='ocr_line' id='line_1_11' title="bbox 657 1695 2997 1784; baseline 0.002 -20"><span class='ocrx_word' id='word_1_79' title='bbox 657 1697 813 1764; x_wconf 88' lang='lat' dir='ltr'>tatis</span> <span class='ocrx_word' id='word_1_80' title='bbox 855 1695 1168 1779; x_wconf 83' lang='lat' dir='ltr'>predicte,</span> <span class='ocrx_word' id='word_1_81' title='bbox 1215 1713 1483 1778; x_wconf 88' lang='lat' dir='ltr'>quorum</span> <span class='ocrx_word' id='word_1_82' title='bbox 1549 1699 1650 1760; x_wconf 87' lang='lat' dir='ltr'>est</span> <span class='ocrx_word' id='word_1_83' title='bbox 1713 1695 2100 1762; x_wconf 88' lang='lat' dir='ltr'>certissimus</span> <span class='ocrx_word' id='word_1_84' title='bbox 2164 1697 2347 1764; x_wconf 90' lang='lat' dir='ltr'>testis</span> <span class='ocrx_word' id='word_1_85' title='bbox 2404 1703 2621 1765; x_wconf 89' lang='lat' dir='ltr'>orator</span> <span class='ocrx_word' id='word_1_86' title='bbox 2676 1701 2997 1784; x_wconf 89' lang='lat' dir='ltr'>predictus</span> 
     </span>
    </p>

    <p class='ocr_par' dir='ltr' id='par_1_5' title="bbox 617 1796 2997 2279">
     <span class='ocr_line' id='line_1_12' title="bbox 617 1796 2997 1884; baseline 0.002 -17"><span class='ocrx_word' id='word_1_87' title='bbox 617 1817 824 1880; x_wconf 70' lang='lat' dir='ltr'>suus,</span> <span class='ocrx_word' id='word_1_88' title='bbox 876 1799 990 1880; x_wconf 89' lang='lat' dir='ltr'>qui</span> <span class='ocrx_word' id='word_1_89' title='bbox 1036 1816 1250 1864; x_wconf 92' lang='lat' dir='ltr'>coram</span> <span class='ocrx_word' id='word_1_90' title='bbox 1293 1814 1412 1864; x_wconf 90' lang='lat' dir='ltr'>nos</span> <span class='ocrx_word' id='word_1_91' title='bbox 1463 1796 1726 1878; x_wconf 86' lang='lat' dir='ltr'>audivit,</span> <span class='ocrx_word' id='word_1_92' title='bbox 1787 1803 1852 1863; x_wconf 85' lang='lat' dir='ltr'>et</span> <span class='ocrx_word' id='word_1_93' title='bbox 1889 1798 2207 1865; x_wconf 83' lang='lat' dir='ltr'>intellexit</span> <span class='ocrx_word' id='word_1_94' title='bbox 2262 1804 2330 1865; x_wconf 91' lang='lat' dir='ltr'>et</span> <span class='ocrx_word' id='word_1_95' title='bbox 2369 1800 2435 1865; x_wconf 89' lang='lat' dir='ltr'>in</span> <span class='ocrx_word' id='word_1_96' title='bbox 2480 1801 2657 1866; x_wconf 90' lang='lat' dir='ltr'>curia</span> <span class='ocrx_word' id='word_1_97' title='bbox 2698 1809 2997 1884; x_wconf 88' lang='lat' dir='ltr'>expertus</span> 
     </span>
     <span class='ocr_line' id='line_1_13' title="bbox 651 1899 2995 1988; baseline 0.002 -19"><span class='ocrx_word' id='word_1_98' title='bbox 651 1908 754 1970; x_wconf 88' lang='lat' dir='ltr'>est</span> <span class='ocrx_word' id='word_1_99' title='bbox 797 1919 982 1986; x_wconf 90' lang='lat' dir='ltr'>opem</span> <span class='ocrx_word' id='word_1_100' title='bbox 1029 1905 1098 1967; x_wconf 91' lang='lat' dir='ltr'>et</span> <span class='ocrx_word' id='word_1_101' title='bbox 1141 1917 1400 1984; x_wconf 84' lang='lat' dir='ltr'>operam</span> <span class='ocrx_word' id='word_1_102' title='bbox 1467 1899 1744 1966; x_wconf 86' lang='lat' dir='ltr'>oratoris</span> <span class='ocrx_word' id='word_1_103' title='bbox 1809 1901 2038 1974; x_wconf 87' lang='lat' dir='ltr'>nostri,</span> <span class='ocrx_word' id='word_1_104' title='bbox 2104 1899 2367 1968; x_wconf 90' lang='lat' dir='ltr'>hortare</span> <span class='ocrx_word' id='word_1_105' title='bbox 2438 1909 2741 1984; x_wconf 89' lang='lat' dir='ltr'>quantum</span> <span class='ocrx_word' id='word_1_106' title='bbox 2808 1911 2995 1988; x_wconf 90' lang='lat' dir='ltr'>potes</span> 
     </span>
     <span class='ocr_line' id='line_1_14' title="bbox 655 2001 2996 2088; baseline 0.001 -17"><span class='ocrx_word' id='word_1_107' title='bbox 655 2003 964 2072; x_wconf 86' lang='lat' dir='ltr'>efficatius</span> <span class='ocrx_word' id='word_1_108' title='bbox 1005 2003 1246 2086; x_wconf 86' lang='lat' dir='ltr'>regiam</span> <span class='ocrx_word' id='word_1_109' title='bbox 1293 2001 1757 2069; x_wconf 86' lang='lat' dir='ltr'>Sublimitatem</span> <span class='ocrx_word' id='word_1_110' title='bbox 1799 2019 1979 2068; x_wconf 88' lang='lat' dir='ltr'>suam</span> <span class='ocrx_word' id='word_1_111' title='bbox 2031 2003 2115 2068; x_wconf 90' lang='lat' dir='ltr'>ad</span> <span class='ocrx_word' id='word_1_112' title='bbox 2158 2005 2674 2088; x_wconf 84' lang='lat' dir='ltr'>prorogationem</span> <span class='ocrx_word' id='word_1_113' title='bbox 2716 2006 2996 2075; x_wconf 88' lang='lat' dir='ltr'>indutia-</span> 
     </span>
     <span class='ocr_line' id='line_1_15' title="bbox 652 2103 2992 2194; baseline 0.002 -21"><span class='ocrx_word' id='word_1_114' title='bbox 652 2125 790 2174; x_wconf 89' lang='lat' dir='ltr'>rum</span> <span class='ocrx_word' id='word_1_115' title='bbox 839 2111 906 2173; x_wconf 92' lang='lat' dir='ltr'>et</span> <span class='ocrx_word' id='word_1_116' title='bbox 951 2105 1037 2172; x_wconf 87' lang='lat' dir='ltr'>ad</span> <span class='ocrx_word' id='word_1_117' title='bbox 1079 2104 1332 2171; x_wconf 87' lang='lat' dir='ltr'>illarum</span> <span class='ocrx_word' id='word_1_118' title='bbox 1376 2103 1687 2170; x_wconf 86' lang='lat' dir='ltr'>illibatam</span> <span class='ocrx_word' id='word_1_119' title='bbox 1713 2104 2201 2194; x_wconf 71' lang='lat' dir='ltr'>⁸observantiam</span> <span class='ocrx_word' id='word_1_120' title='bbox 2258 2112 2325 2172; x_wconf 93' lang='lat' dir='ltr'>et</span> <span class='ocrx_word' id='word_1_121' title='bbox 2387 2107 2470 2172; x_wconf 89' lang='lat' dir='ltr'>ad</span> <span class='ocrx_word' id='word_1_122' title='bbox 2518 2110 2992 2177; x_wconf 79' lang='lat' dir='ltr'>conversionem</span> 
     </span>
     <span class='ocr_line' id='line_1_16' title="bbox 651 2208 2989 2279; baseline 0.001 -2"><span class='ocrx_word' id='word_1_123' title='bbox 651 2210 1054 2277; x_wconf 88' lang='lat' dir='ltr'>consiliorum</span> <span class='ocrx_word' id='word_1_124' title='bbox 1101 2218 1166 2274; x_wconf 91' lang='lat' dir='ltr'>et</span> <span class='ocrx_word' id='word_1_125' title='bbox 1207 2208 1434 2274; x_wconf 84' lang='lat' dir='ltr'>virium</span> <span class='ocrx_word' id='word_1_126' title='bbox 1477 2225 1736 2272; x_wconf 87' lang='lat' dir='ltr'>suarum</span> <span class='ocrx_word' id='word_1_127' title='bbox 1785 2213 2008 2274; x_wconf 90' lang='lat' dir='ltr'>contra</span> <span class='ocrx_word' id='word_1_128' title='bbox 2049 2224 2440 2275; x_wconf 89' lang='lat' dir='ltr'>communem</span> <span class='ocrx_word' id='word_1_129' title='bbox 2495 2208 2731 2278; x_wconf 85' lang='lat' dir='ltr'>Christi</span> <span class='ocrx_word' id='word_1_130' title='bbox 2786 2212 2989 2279; x_wconf 90' lang='lat' dir='ltr'>inimi-</span> 
     </span>
    </p>

    <p class='ocr_par' dir='ltr' id='par_1_6' title="bbox 616 2309 2991 2498">
     <span class='ocr_line' id='line_1_17' title="bbox 616 2309 2991 2394; baseline 0.001 -15"><span class='ocrx_word' id='word_1_131' title='bbox 616 2331 809 2379; x_wconf 88' lang='lat' dir='ltr'>·cum.</span> <span class='ocrx_word' id='word_1_132' title='bbox 891 2312 1159 2378; x_wconf 87' lang='lat' dir='ltr'>Demum</span> <span class='ocrx_word' id='word_1_133' title='bbox 1205 2309 1309 2377; x_wconf 90' lang='lat' dir='ltr'>dic</span> <span class='ocrx_word' id='word_1_134' title='bbox 1352 2309 1680 2376; x_wconf 87' lang='lat' dir='ltr'>Maiestati</span> <span class='ocrx_word' id='word_1_135' title='bbox 1722 2311 2003 2392; x_wconf 88' lang='lat' dir='ltr'>predicte</span> <span class='ocrx_word' id='word_1_136' title='bbox 2049 2310 2217 2392; x_wconf 89' lang='lat' dir='ltr'>quod</span> <span class='ocrx_word' id='word_1_137' title='bbox 2263 2312 2517 2394; x_wconf 84' lang='lat' dir='ltr'>cognito</span> <span class='ocrx_word' id='word_1_138' title='bbox 2562 2317 2737 2379; x_wconf 88' lang='lat' dir='ltr'>statu</span> <span class='ocrx_word' id='word_1_139' title='bbox 2778 2333 2991 2382; x_wconf 84' lang='lat' dir='ltr'>rerum</span> 
     </span>
     <span class='ocr_line' id='line_1_18' title="bbox 647 2412 2991 2498; baseline 0.001 -17"><span class='ocrx_word' id='word_1_140' title='bbox 647 2413 1109 2498; x_wconf 80' lang='lat' dir='ltr'>Scythicarum,</span> <span class='ocrx_word' id='word_1_141' title='bbox 1161 2417 1228 2480; x_wconf 92' lang='lat' dir='ltr'>et</span> <span class='ocrx_word' id='word_1_142' title='bbox 1273 2429 1586 2478; x_wconf 82' lang='lat' dir='ltr'>memores</span> <span class='ocrx_word' id='word_1_143' title='bbox 1631 2430 1851 2478; x_wconf 87' lang='lat' dir='ltr'>eorum</span> <span class='ocrx_word' id='word_1_144' title='bbox 1898 2430 2022 2493; x_wconf 89' lang='lat' dir='ltr'>que</span> <span class='ocrx_word' id='word_1_145' title='bbox 2059 2413 2239 2495; x_wconf 87' lang='lat' dir='ltr'>regia</span> <span class='ocrx_word' id='word_1_146' title='bbox 2282 2412 2610 2480; x_wconf 89' lang='lat' dir='ltr'>Celsitudo</span> <span class='ocrx_word' id='word_1_147' title='bbox 2656 2433 2773 2481; x_wconf 86' lang='lat' dir='ltr'>sua</span> <span class='ocrx_word' id='word_1_148' title='bbox 2809 2417 2991 2485; x_wconf 88' lang='lat' dir='ltr'>nobis</span> 
     </span>
    </p>

    <p class='ocr_par' dir='ltr' id='par_1_7' title="bbox 620 2514 2987 2700">
     <span class='ocr_line' id='line_1_19' title="bbox 620 2514 2987 2601; baseline 0.002 -20"><span class='ocrx_word' id='word_1_149' title='bbox 620 2535 766 2601; x_wconf 85' lang='lat' dir='ltr'>·per</span> <span class='ocrx_word' id='word_1_150' title='bbox 815 2535 998 2582; x_wconf 90' lang='lat' dir='ltr'>suum</span> <span class='ocrx_word' id='word_1_151' title='bbox 1061 2520 1380 2582; x_wconf 86' lang='lat' dir='ltr'>oratorem</span> <span class='ocrx_word' id='word_1_152' title='bbox 1435 2515 1667 2598; x_wconf 88' lang='lat' dir='ltr'>exponi</span> <span class='ocrx_word' id='word_1_153' title='bbox 1722 2514 1877 2580; x_wconf 90' lang='lat' dir='ltr'>fecit</span> <span class='ocrx_word' id='word_1_154' title='bbox 1912 2516 1993 2581; x_wconf 90' lang='lat' dir='ltr'>de</span> <span class='ocrx_word' id='word_1_155' title='bbox 2041 2516 2247 2598; x_wconf 85' lang='lat' dir='ltr'>gentis</span> <span class='ocrx_word' id='word_1_156' title='bbox 2302 2515 2474 2581; x_wconf 88' lang='lat' dir='ltr'>illius</span> <span class='ocrx_word' id='word_1_157' title='bbox 2518 2516 2987 2586; x_wconf 87' lang='lat' dir='ltr'>conditionibus</span> 
     </span>
     <span class='ocr_line' id='line_1_20' title="bbox 645 2618 2986 2700; baseline 0 -15"><span class='ocrx_word' id='word_1_158' title='bbox 645 2620 931 2685; x_wconf 85' lang='lat' dir='ltr'>contenti</span> <span class='ocrx_word' id='word_1_159' title='bbox 968 2618 1198 2684; x_wconf 83' lang='lat' dir='ltr'>fuimus</span> <span class='ocrx_word' id='word_1_160' title='bbox 1239 2618 1465 2684; x_wconf 90' lang='lat' dir='ltr'>relicto</span> <span class='ocrx_word' id='word_1_161' title='bbox 1527 2636 1642 2700; x_wconf 90' lang='lat' dir='ltr'>pro</span> <span class='ocrx_word' id='word_1_162' title='bbox 1703 2635 1868 2683; x_wconf 89' lang='lat' dir='ltr'>nunc</span> <span class='ocrx_word' id='word_1_163' title='bbox 1914 2618 2196 2699; x_wconf 86' lang='lat' dir='ltr'>cogitatu</span> <span class='ocrx_word' id='word_1_164' title='bbox 2258 2618 2368 2684; x_wconf 93' lang='lat' dir='ltr'>illo</span> <span class='ocrx_word' id='word_1_165' title='bbox 2433 2619 2551 2687; x_wconf 90' lang='lat' dir='ltr'>tibi</span> <span class='ocrx_word' id='word_1_166' title='bbox 2601 2620 2755 2686; x_wconf 86' lang='lat' dir='ltr'>dare</span> <span class='ocrx_word' id='word_1_167' title='bbox 2797 2620 2986 2689; x_wconf 89' lang='lat' dir='ltr'>licen-</span> 
     </span>
    </p>

    <p class='ocr_par' dir='ltr' id='par_1_8' title="bbox 613 2720 2986 3112">
     <span class='ocr_line' id='line_1_21' title="bbox 613 2720 2986 2805; baseline 0.001 -18"><span class='ocrx_word' id='word_1_168' title='bbox 613 2722 802 2788; x_wconf 55' lang='lat' dir='ltr'>*tiam</span> <span class='ocrx_word' id='word_1_169' title='bbox 846 2720 1240 2803; x_wconf 87' lang='lat' dir='ltr'>repatriandi</span> <span class='ocrx_word' id='word_1_170' title='bbox 1282 2738 1472 2802; x_wconf 85' lang='lat' dir='ltr'>quam</span> <span class='ocrx_word' id='word_1_171' title='bbox 1514 2724 1661 2803; x_wconf 89' lang='lat' dir='ltr'>post</span> <span class='ocrx_word' id='word_1_172' title='bbox 1714 2736 1929 2785; x_wconf 90' lang='lat' dir='ltr'>rerum</span> <span class='ocrx_word' id='word_1_173' title='bbox 1990 2720 2265 2785; x_wconf 89' lang='lat' dir='ltr'>omnium</span> <span class='ocrx_word' id='word_1_174' title='bbox 2308 2721 2741 2802; x_wconf 87' lang='lat' dir='ltr'>predictarum</span> <span class='ocrx_word' id='word_1_175' title='bbox 2783 2722 2986 2805; x_wconf 85' lang='lat' dir='ltr'>expli·</span> 
     </span>
     <span class='ocr_line' id='line_1_22' title="bbox 646 2821 2986 2906; baseline 0 -16"><span class='ocrx_word' id='word_1_176' title='bbox 646 2824 967 2890; x_wconf 85' lang='lat' dir='ltr'>cationem</span> <span class='ocrx_word' id='word_1_177' title='bbox 1033 2824 1239 2906; x_wconf 89' lang='lat' dir='ltr'>petito</span> <span class='ocrx_word' id='word_1_178' title='bbox 1309 2828 1374 2889; x_wconf 90' lang='lat' dir='ltr'>et</span> <span class='ocrx_word' id='word_1_179' title='bbox 1441 2824 1783 2905; x_wconf 87' lang='lat' dir='ltr'>impetrato</span> <span class='ocrx_word' id='word_1_180' title='bbox 1846 2822 1927 2888; x_wconf 91' lang='lat' dir='ltr'>ab</span> <span class='ocrx_word' id='word_1_181' title='bbox 1994 2823 2217 2888; x_wconf 86' lang='lat' dir='ltr'>eadem</span> <span class='ocrx_word' id='word_1_182' title='bbox 2278 2821 2637 2905; x_wconf 85' lang='lat' dir='ltr'>Maiestate,</span> <span class='ocrx_word' id='word_1_183' title='bbox 2710 2829 2780 2890; x_wconf 91' lang='lat' dir='ltr'>et</span> <span class='ocrx_word' id='word_1_184' title='bbox 2844 2843 2986 2891; x_wconf 91' lang='lat' dir='ltr'>cum</span> 
     </span>
     <span class='ocr_line' id='line_1_23' title="bbox 623 2924 2985 3007; baseline 0.001 -15"><span class='ocrx_word' id='word_1_185' title='bbox 623 2927 818 2994; x_wconf 64' lang='lat' dir='ltr'>illius</span> <span class='ocrx_word' id='word_1_186' title='bbox 865 2927 1034 2993; x_wconf 88' lang='lat' dir='ltr'>bona</span> <span class='ocrx_word' id='word_1_187' title='bbox 1073 2928 1259 2992; x_wconf 87' lang='lat' dir='ltr'>venia</span> <span class='ocrx_word' id='word_1_188' title='bbox 1301 2924 1532 2991; x_wconf 88' lang='lat' dir='ltr'>redeas</span> <span class='ocrx_word' id='word_1_189' title='bbox 1576 2929 1816 3007; x_wconf 86' lang='lat' dir='ltr'>quanto</span> <span class='ocrx_word' id='word_1_190' title='bbox 1874 2930 2061 3007; x_wconf 91' lang='lat' dir='ltr'>potes</span> <span class='ocrx_word' id='word_1_191' title='bbox 2119 2924 2521 2991; x_wconf 85' lang='lat' dir='ltr'>festinantius</span> <span class='ocrx_word' id='word_1_192' title='bbox 2576 2926 2657 2993; x_wconf 88' lang='lat' dir='ltr'>ad</span> <span class='ocrx_word' id='word_1_193' title='bbox 2699 2934 2985 2994; x_wconf 88' lang='lat' dir='ltr'>nostram</span> 
     </span>
     <span class='ocr_line' id='line_1_24' title="bbox 648 3028 2757 3112; baseline -0 -17"><span class='ocrx_word' id='word_1_194' title='bbox 648 3030 1061 3112; x_wconf 88' lang='lat' dir='ltr'>presentiam,</span> <span class='ocrx_word' id='word_1_195' title='bbox 1107 3028 1656 3095; x_wconf 85' lang='lat' dir='ltr'>informatissimus</span> <span class='ocrx_word' id='word_1_196' title='bbox 1698 3045 1912 3093; x_wconf 87' lang='lat' dir='ltr'>rerum</span> <span class='ocrx_word' id='word_1_197' title='bbox 1956 3028 2229 3094; x_wconf 90' lang='lat' dir='ltr'>omnium</span> <span class='ocrx_word' id='word_1_198' title='bbox 2276 3029 2757 3094; x_wconf 87' lang='lat' dir='ltr'>occurrentium.</span> 
     </span>
    </p>
   </div>
   <div class='ocr_carea' id='block_1_4' title="bbox 612 3196 2983 4201">
    <p class='ocr_par' dir='ltr' id='par_1_9' title="bbox 612 3196 2983 4201">
     <span class='ocr_line' id='line_1_25' title="bbox 851 3196 2983 3281; baseline 0 -15"><span class='ocrx_word' id='word_1_199' title='bbox 851 3200 1172 3280; x_wconf 90' lang='lat' dir='ltr'>Quantum</span> <span class='ocrx_word' id='word_1_200' title='bbox 1216 3206 1404 3281; x_wconf 88' lang='lat' dir='ltr'>potes</span> <span class='ocrx_word' id='word_1_201' title='bbox 1465 3197 1784 3265; x_wconf 86' lang='lat' dir='ltr'>solicitato</span> <span class='ocrx_word' id='word_1_202' title='bbox 1853 3201 1919 3263; x_wconf 90' lang='lat' dir='ltr'>et</span> <span class='ocrx_word' id='word_1_203' title='bbox 1982 3196 2211 3264; x_wconf 88' lang='lat' dir='ltr'>efficito</span> <span class='ocrx_word' id='word_1_204' title='bbox 2272 3203 2347 3263; x_wconf 90' lang='lat' dir='ltr'>ut</span> <span class='ocrx_word' id='word_1_205' title='bbox 2408 3199 2474 3264; x_wconf 90' lang='lat' dir='ltr'>in</span> <span class='ocrx_word' id='word_1_206' title='bbox 2538 3198 2658 3265; x_wconf 93' lang='lat' dir='ltr'>hoc</span> <span class='ocrx_word' id='word_1_207' title='bbox 2723 3206 2833 3267; x_wconf 90' lang='lat' dir='ltr'>tuo</span> <span class='ocrx_word' id='word_1_208' title='bbox 2879 3218 2983 3267; x_wconf 86' lang='lat' dir='ltr'>co-</span> 
     </span>
     <span class='ocr_line' id='line_1_26' title="bbox 621 3300 2982 3383; baseline 0 -14"><span class='ocrx_word' id='word_1_209' title='bbox 621 3309 866 3369; x_wconf 64' lang='lat' dir='ltr'>weatu</span> <span class='ocrx_word' id='word_1_210' title='bbox 902 3308 968 3370; x_wconf 92' lang='lat' dir='ltr'>et</span> <span class='ocrx_word' id='word_1_211' title='bbox 1012 3302 1308 3378; x_wconf 86' lang='lat' dir='ltr'>discessu,</span> <span class='ocrx_word' id='word_1_212' title='bbox 1355 3302 1492 3367; x_wconf 85' lang='lat' dir='ltr'>sive</span> <span class='ocrx_word' id='word_1_213' title='bbox 1535 3318 1726 3383; x_wconf 89' lang='lat' dir='ltr'>quam</span> <span class='ocrx_word' id='word_1_214' title='bbox 1747 3300 2049 3365; x_wconf 87' lang='lat' dir='ltr'>maiorem</span> <span class='ocrx_word' id='word_1_215' title='bbox 2092 3304 2339 3383; x_wconf 88' lang='lat' dir='ltr'>partem</span> <span class='ocrx_word' id='word_1_216' title='bbox 2384 3305 2569 3383; x_wconf 91' lang='lat' dir='ltr'>potes</span> <span class='ocrx_word' id='word_1_217' title='bbox 2617 3320 2828 3367; x_wconf 89' lang='lat' dir='ltr'>rerum</span> <span class='ocrx_word' id='word_1_218' title='bbox 2868 3322 2982 3370; x_wconf 91' lang='lat' dir='ltr'>no-</span> 
     </span>
     <span class='ocr_line' id='line_1_27' title="bbox 645 3401 2983 3487; baseline 0 -17"><span class='ocrx_word' id='word_1_219' title='bbox 645 3408 930 3471; x_wconf 88' lang='lat' dir='ltr'>strarum</span> <span class='ocrx_word' id='word_1_220' title='bbox 977 3422 1106 3487; x_wconf 88' lang='lat' dir='ltr'>que</span> <span class='ocrx_word' id='word_1_221' title='bbox 1152 3404 1434 3486; x_wconf 89' lang='lat' dir='ltr'>dirrepte</span> <span class='ocrx_word' id='word_1_222' title='bbox 1478 3401 1735 3468; x_wconf 86' lang='lat' dir='ltr'>fuerunt</span> <span class='ocrx_word' id='word_1_223' title='bbox 1776 3401 1843 3467; x_wconf 92' lang='lat' dir='ltr'>in</span> <span class='ocrx_word' id='word_1_224' title='bbox 1881 3401 2085 3469; x_wconf 85' lang='lat' dir='ltr'>Slesia</span> <span class='ocrx_word' id='word_1_225' title='bbox 2140 3406 2255 3467; x_wconf 91' lang='lat' dir='ltr'>aut</span> <span class='ocrx_word' id='word_1_226' title='bbox 2296 3404 2591 3486; x_wconf 90' lang='lat' dir='ltr'>pretium,</span> <span class='ocrx_word' id='word_1_227' title='bbox 2648 3404 2819 3486; x_wconf 90' lang='lat' dir='ltr'>quod</span> <span class='ocrx_word' id='word_1_228' title='bbox 2855 3424 2983 3471; x_wconf 92' lang='lat' dir='ltr'>uon</span> 
     </span>
     <span class='ocr_line' id='line_1_28' title="bbox 642 3505 2977 3589; baseline -0 -16"><span class='ocrx_word' id='word_1_229' title='bbox 642 3506 896 3574; x_wconf 86' lang='lat' dir='ltr'>difficile</span> <span class='ocrx_word' id='word_1_230' title='bbox 940 3524 1085 3573; x_wconf 89' lang='lat' dir='ltr'>esse</span> <span class='ocrx_word' id='word_1_231' title='bbox 1129 3505 1323 3572; x_wconf 88' lang='lat' dir='ltr'>debet</span> <span class='ocrx_word' id='word_1_232' title='bbox 1363 3522 1480 3588; x_wconf 93' lang='lat' dir='ltr'>per</span> <span class='ocrx_word' id='word_1_233' title='bbox 1522 3505 1870 3570; x_wconf 86' lang='lat' dir='ltr'>amiciciam</span> <span class='ocrx_word' id='word_1_234' title='bbox 1899 3510 2206 3587; x_wconf 88' lang='lat' dir='ltr'>nostram,</span> <span class='ocrx_word' id='word_1_235' title='bbox 2235 3511 2301 3572; x_wconf 92' lang='lat' dir='ltr'>et</span> <span class='ocrx_word' id='word_1_236' title='bbox 2326 3524 2443 3589; x_wconf 92' lang='lat' dir='ltr'>per</span> <span class='ocrx_word' id='word_1_237' title='bbox 2472 3506 2714 3589; x_wconf 84' lang='lat' dir='ltr'>regiam</span> <span class='ocrx_word' id='word_1_238' title='bbox 2758 3510 2977 3573; x_wconf 89' lang='lat' dir='ltr'>aucto·</span> 
     </span>
     <span class='ocr_line' id='line_1_29' title="bbox 612 3606 2981 3691; baseline 0 -17"><span class='ocrx_word' id='word_1_239' title='bbox 612 3610 915 3684; x_wconf 61' lang='lat' dir='ltr'>»ritatem</span> <span class='ocrx_word' id='word_1_240' title='bbox 966 3614 1031 3675; x_wconf 91' lang='lat' dir='ltr'>et</span> <span class='ocrx_word' id='word_1_241' title='bbox 1072 3609 1242 3691; x_wconf 85' lang='lat' dir='ltr'>apud</span> <span class='ocrx_word' id='word_1_242' title='bbox 1286 3606 1486 3673; x_wconf 88' lang='lat' dir='ltr'>filium</span> <span class='ocrx_word' id='word_1_243' title='bbox 1546 3625 1764 3689; x_wconf 84' lang='lat' dir='ltr'>regem</span> <span class='ocrx_word' id='word_1_244' title='bbox 1823 3606 2088 3674; x_wconf 90' lang='lat' dir='ltr'>Boemie</span> <span class='ocrx_word' id='word_1_245' title='bbox 2147 3608 2319 3674; x_wconf 89' lang='lat' dir='ltr'>cuius</span> <span class='ocrx_word' id='word_1_246' title='bbox 2371 3608 2607 3674; x_wconf 89' lang='lat' dir='ltr'>nomini</span> <span class='ocrx_word' id='word_1_247' title='bbox 2671 3612 2737 3674; x_wconf 90' lang='lat' dir='ltr'>et</span> <span class='ocrx_word' id='word_1_248' title='bbox 2781 3608 2981 3690; x_wconf 86' lang='lat' dir='ltr'>glorie</span> 
     </span>
     <span class='ocr_line' id='line_1_30' title="bbox 645 3710 2983 3792; baseline -0 -17"><span class='ocrx_word' id='word_1_249' title='bbox 645 3710 918 3778; x_wconf 85' lang='lat' dir='ltr'>favimus</span> <span class='ocrx_word' id='word_1_250' title='bbox 961 3712 1028 3776; x_wconf 89' lang='lat' dir='ltr'>in</span> <span class='ocrx_word' id='word_1_251' title='bbox 1074 3711 1250 3777; x_wconf 85' lang='lat' dir='ltr'>curia</span> <span class='ocrx_word' id='word_1_252' title='bbox 1319 3727 1600 3790; x_wconf 85' lang='lat' dir='ltr'>romana,</span> <span class='ocrx_word' id='word_1_253' title='bbox 1642 3716 1708 3774; x_wconf 91' lang='lat' dir='ltr'>et</span> <span class='ocrx_word' id='word_1_254' title='bbox 1772 3710 1943 3791; x_wconf 88' lang='lat' dir='ltr'>apud</span> <span class='ocrx_word' id='word_1_255' title='bbox 2007 3710 2297 3776; x_wconf 90' lang='lat' dir='ltr'>subditos</span> <span class='ocrx_word' id='word_1_256' title='bbox 2362 3728 2529 3791; x_wconf 89' lang='lat' dir='ltr'>suos,</span> <span class='ocrx_word' id='word_1_257' title='bbox 2601 3710 2666 3775; x_wconf 91' lang='lat' dir='ltr'>iu</span> <span class='ocrx_word' id='word_1_258' title='bbox 2713 3727 2983 3792; x_wconf 89' lang='lat' dir='ltr'>quorum</span> 
     </span>
     <span class='ocr_line' id='line_1_31' title="bbox 634 3810 2981 3895; baseline -0 -17"><span class='ocrx_word' id='word_1_259' title='bbox 634 3831 906 3879; x_wconf 87' lang='lat' dir='ltr'>numero</span> <span class='ocrx_word' id='word_1_260' title='bbox 953 3817 1102 3879; x_wconf 87' lang='lat' dir='ltr'>sunt</span> <span class='ocrx_word' id='word_1_261' title='bbox 1147 3812 1538 3895; x_wconf 86' lang='lat' dir='ltr'>dirreptores</span> <span class='ocrx_word' id='word_1_262' title='bbox 1583 3812 1887 3895; x_wconf 87' lang='lat' dir='ltr'>predicti;</span> <span class='ocrx_word' id='word_1_263' title='bbox 1953 3810 2240 3877; x_wconf 91' lang='lat' dir='ltr'>adhibito</span> <span class='ocrx_word' id='word_1_264' title='bbox 2296 3817 2369 3878; x_wconf 90' lang='lat' dir='ltr'>tu</span> <span class='ocrx_word' id='word_1_265' title='bbox 2428 3830 2678 3878; x_wconf 91' lang='lat' dir='ltr'>omnem</span> <span class='ocrx_word' id='word_1_266' title='bbox 2722 3830 2981 3895; x_wconf 89' lang='lat' dir='ltr'>operam</span> 
     </span>
     <span class='ocr_line' id='line_1_32' title="bbox 645 3913 2981 3997; baseline -0.001 -16"><span class='ocrx_word' id='word_1_267' title='bbox 645 3920 711 3981; x_wconf 90' lang='lat' dir='ltr'>et</span> <span class='ocrx_word' id='word_1_268' title='bbox 753 3915 1034 3982; x_wconf 89' lang='lat' dir='ltr'>studium</span> <span class='ocrx_word' id='word_1_269' title='bbox 1072 3918 1140 3981; x_wconf 89' lang='lat' dir='ltr'>et</span> <span class='ocrx_word' id='word_1_270' title='bbox 1181 3920 1397 3980; x_wconf 89' lang='lat' dir='ltr'>tamen</span> <span class='ocrx_word' id='word_1_271' title='bbox 1445 3932 1588 3981; x_wconf 92' lang='lat' dir='ltr'>cum</span> <span class='ocrx_word' id='word_1_272' title='bbox 1633 3932 1708 3979; x_wconf 90' lang='lat' dir='ltr'>eo</span> <span class='ocrx_word' id='word_1_273' title='bbox 1755 3913 1928 3995; x_wconf 89' lang='lat' dir='ltr'>quod</span> <span class='ocrx_word' id='word_1_274' title='bbox 1992 3920 2289 3980; x_wconf 88' lang='lat' dir='ltr'>excutere</span> <span class='ocrx_word' id='word_1_275' title='bbox 2352 3916 2598 3997; x_wconf 91' lang='lat' dir='ltr'>poteris</span> <span class='ocrx_word' id='word_1_276' title='bbox 2640 3913 2851 3979; x_wconf 91' lang='lat' dir='ltr'>redito</span> <span class='ocrx_word' id='word_1_277' title='bbox 2895 3913 2981 3979; x_wconf 90' lang='lat' dir='ltr'>ad</span> 
     </span>
     <span class='ocr_line' id='line_1_33' title="bbox 636 4016 2980 4099; baseline 0 -18"><span class='ocrx_word' id='word_1_278' title='bbox 636 4018 1029 4099; x_wconf 86' lang='lat' dir='ltr'>presentiam</span> <span class='ocrx_word' id='word_1_279' title='bbox 1077 4020 1386 4098; x_wconf 86' lang='lat' dir='ltr'>nostram,</span> <span class='ocrx_word' id='word_1_280' title='bbox 1431 4021 1766 4097; x_wconf 89' lang='lat' dir='ltr'>tecumque</span> <span class='ocrx_word' id='word_1_281' title='bbox 1803 4020 2130 4099; x_wconf 90' lang='lat' dir='ltr'>reportato</span> <span class='ocrx_word' id='word_1_282' title='bbox 2168 4016 2416 4083; x_wconf 88' lang='lat' dir='ltr'>Jocalia</span> <span class='ocrx_word' id='word_1_283' title='bbox 2464 4022 2530 4082; x_wconf 90' lang='lat' dir='ltr'>et</span> <span class='ocrx_word' id='word_1_284' title='bbox 2570 4016 2855 4089; x_wconf 89' lang='lat' dir='ltr'>uniones,</span> <span class='ocrx_word' id='word_1_285' title='bbox 2897 4017 2980 4082; x_wconf 87' lang='lat' dir='ltr'>de</span> 
     </span>
     <span class='ocr_line' id='line_1_34' title="bbox 627 4118 2979 4201; baseline 0.003 -22"><span class='ocrx_word' id='word_1_286' title='bbox 627 4119 870 4200; x_wconf 79' lang='lat' dir='ltr'>‚quibus</span> <span class='ocrx_word' id='word_1_287' title='bbox 917 4120 1157 4185; x_wconf 88' lang='lat' dir='ltr'>nullam</span> <span class='ocrx_word' id='word_1_288' title='bbox 1200 4118 1396 4186; x_wconf 86' lang='lat' dir='ltr'>facito</span> <span class='ocrx_word' id='word_1_289' title='bbox 1445 4119 2051 4185; x_wconf 85' lang='lat' dir='ltr'>demonstrationem</span> <span class='ocrx_word' id='word_1_290' title='bbox 2114 4136 2231 4201; x_wconf 88' lang='lat' dir='ltr'>pro</span> <span class='ocrx_word' id='word_1_291' title='bbox 2278 4118 2605 4185; x_wconf 87' lang='lat' dir='ltr'>evadendo</span> <span class='ocrx_word' id='word_1_292' title='bbox 2652 4119 2817 4183; x_wconf 90' lang='lat' dir='ltr'>omni</span> <span class='ocrx_word' id='word_1_293' title='bbox 2869 4136 2979 4200; x_wconf 89' lang='lat' dir='ltr'>pe-</span> 
     </span>
    </p>
   </div>
   <div class='ocr_carea' id='block_1_5' title="bbox 631 4222 856 4288">
    <p class='ocr_par' dir='ltr' id='par_1_10' title="bbox 631 4222 856 4288">
     <span class='ocr_line' id='line_1_35' title="bbox 631 4222 856 4288; baseline 0.004 -1"><span class='ocrx_word' id='word_1_294' title='bbox 631 4222 856 4288; x_wconf 89' lang='lat' dir='ltr'>riculo.</span> 
     </span>
    </p>
   </div>
   <div class='ocr_carea' id='block_1_6' title="bbox 611 4354 2977 4733">
    <p class='ocr_par' dir='ltr' id='par_1_11' title="bbox 611 4354 2977 4645">
     <span class='ocr_line' id='line_1_36' title="bbox 843 4354 2977 4441; baseline -0 -17"><span class='ocrx_word' id='word_1_295' title='bbox 843 4359 938 4425; x_wconf 91' lang='lat' dir='ltr'>De</span> <span class='ocrx_word' id='word_1_296' title='bbox 985 4357 1314 4425; x_wconf 88' lang='lat' dir='ltr'>Jocalibus</span> <span class='ocrx_word' id='word_1_297' title='bbox 1357 4362 1570 4423; x_wconf 90' lang='lat' dir='ltr'>autem</span> <span class='ocrx_word' id='word_1_298' title='bbox 1614 4376 1738 4439; x_wconf 90' lang='lat' dir='ltr'>que</span> <span class='ocrx_word' id='word_1_299' title='bbox 1779 4376 1971 4441; x_wconf 88' lang='lat' dir='ltr'>penes</span> <span class='ocrx_word' id='word_1_300' title='bbox 2013 4358 2370 4441; x_wconf 89' lang='lat' dir='ltr'>predictum</span> <span class='ocrx_word' id='word_1_301' title='bbox 2410 4358 2714 4423; x_wconf 88' lang='lat' dir='ltr'>Ioannem</span> <span class='ocrx_word' id='word_1_302' title='bbox 2756 4354 2977 4438; x_wconf 85' lang='lat' dir='ltr'>Bapti-</span> 
     </span>
     <span class='ocr_line' id='line_1_37' title="bbox 611 4444 2977 4569; baseline -0.001 -42"><span class='ocrx_word' id='word_1_303' title='bbox 611 4466 806 4527; x_wconf 85' lang='lat' dir='ltr'>stam</span> <span class='ocrx_word' id='word_1_304' title='bbox 853 4464 1021 4541; x_wconf 90' lang='lat' dir='ltr'>sunt,</span> <span class='ocrx_word' id='word_1_305' title='bbox 1097 4460 1279 4527; x_wconf 89' lang='lat' dir='ltr'>detur</span> <span class='ocrx_word' id='word_1_306' title='bbox 1324 4459 1432 4525; x_wconf 92' lang='lat' dir='ltr'>ille</span> <span class='ocrx_word' id='word_1_307' title='bbox 1479 4460 1654 4543; x_wconf 90' lang='lat' dir='ltr'>ordo,</span> <span class='ocrx_word' id='word_1_308' title='bbox 1727 4462 1835 4542; x_wconf 89' lang='lat' dir='ltr'>qui</span> <span class='ocrx_word' id='word_1_309' title='bbox 1879 4466 2148 4542; x_wconf 89' lang='lat' dir='ltr'>accepta</span> <span class='ocrx_word' id='word_1_310' title='bbox 2192 4444 2477 4569; x_wconf 43' lang='lat' dir='ltr'>diffenti</span> <span class='ocrx_word' id='word_1_311' title='bbox 2532 4456 2977 4524; x_wconf 87' lang='lat' dir='ltr'>informatione</span> 
     </span>
     <span class='ocr_line' id='line_1_38' title="bbox 625 4558 2973 4645; baseline -0.002 -16"><span class='ocrx_word' id='word_1_312' title='bbox 625 4580 832 4645; x_wconf 82' lang='lat' dir='ltr'>super</span> <span class='ocrx_word' id='word_1_313' title='bbox 876 4564 1103 4629; x_wconf 86' lang='lat' dir='ltr'>maiori</span> <span class='ocrx_word' id='word_1_314' title='bbox 1148 4564 1494 4629; x_wconf 89' lang='lat' dir='ltr'>securitate</span> <span class='ocrx_word' id='word_1_315' title='bbox 1535 4562 2063 4645; x_wconf 89' lang='lat' dir='ltr'>reportandorum</span> <span class='ocrx_word' id='word_1_316' title='bbox 2106 4576 2341 4637; x_wconf 89' lang='lat' dir='ltr'>eorum,</span> <span class='ocrx_word' id='word_1_317' title='bbox 2405 4565 2518 4628; x_wconf 87' lang='lat' dir='ltr'>aut</span> <span class='ocrx_word' id='word_1_318' title='bbox 2583 4559 2712 4625; x_wconf 91' lang='lat' dir='ltr'>illic</span> <span class='ocrx_word' id='word_1_319' title='bbox 2754 4558 2973 4626; x_wconf 89' lang='lat' dir='ltr'>finien-</span> 
     </span>
    </p>

    <p class='ocr_par' dir='ltr' id='par_1_12' title="bbox 2662 4678 2732 4733">
     <span class='ocr_line' id='line_1_39' title="bbox 2662 4678 2732 4733; baseline 0 0"><span class='ocrx_word' id='word_1_320' title='bbox 2662 4678 2732 4733; x_wconf 81' lang='lat'>14</span> 
     </span>
    </p>
   </div>
  </div>
 </body>
</html>
