3793 5187
1923 441 2003 501 lo

796 638 932 720 ipse
964 639 1183 706 Petrus
1212 643 1398 708 etiam
1430 642 1842 723 personaliter
1886 661 1955 708 se
1993 643 2304 724 repperiat
2333 640 2644 707 vobiscum
2673 642 2738 706 in
2765 642 3130 708 executione

797 741 979 807 huius
1044 745 1321 810 mandati
1384 745 1582 810 nostri
1644 745 1722 810 ad
1783 745 2157 827 presentiam
2219 745 2422 827 Regis
2513 744 2900 810 Declarando
2957 745 3130 809 vobis

801 847 965 926 quod
1010 865 1223 913 sumus
1265 846 1580 912 infonnati
1626 849 1789 930 quod
1834 848 2112 929 prefatus
2153 847 2436 913 dominus
2465 847 2598 912 Rex
2631 845 2878 913 Polonie
2907 854 2971 913 et
2997 849 3130 912 Rex

801 947 1122 1030 Hungarie
1150 950 1381 1016 habent
1410 956 1640 1016 certam
1672 957 1996 1032 treuguam
2041 949 2243 1029 simul,
2299 968 2496 1032 usque
2536 951 2615 1016 ad
2661 949 2951 1015 Sanctam
2994 950 3129 1015 Ma-

691 1115 695 1119 .
801 1051 956 1116 riam
1003 1053 1079 1117 de
1122 1071 1331 1118 mense
1368 1053 1654 1135 Augusti,
1718 1054 1825 1118 sed
1871 1053 2035 1134 quod
2080 1053 2201 1117 isto
2245 1052 2656 1134 caruispluvio
2701 1052 2859 1136 (sic),
2905 1052 3130 1118 debent

802 1156 1131 1220 convenire
1175 1155 1238 1220 in
1284 1161 1453 1221 certo
1497 1156 1630 1220 loco
1676 1161 1787 1220 aut
1830 1155 1938 1221 alii
1983 1175 2094 1221 suo
2137 1157 2384 1222 nomine
2438 1157 2518 1222 ad
2565 1156 3020 1221 terminandum
3065 1160 3131 1220 et

802 1257 1133 1323 videndum
1178 1257 1230 1322 si
1274 1263 1537 1340 treugua
1580 1263 1754 1323 tenet
1791 1263 1855 1324 et
1899 1262 2110 1324 tenere
2152 1257 2336 1325 debet
2379 1262 2491 1323 aut
2525 1277 2668 1339 non,
2715 1257 2811 1323 vel
2841 1259 2896 1323 si
2924 1259 3129 1340 dispo-

802 1363 963 1424 nunt
1006 1359 1177 1425 illam
1223 1360 1603 1442 confirmare,
1651 1365 1763 1427 aut
1806 1362 1970 1442 quod
2008 1361 2092 1426 sit
2135 1364 2322 1442 rupta
2365 1379 2475 1442 per
2517 1360 2759 1442 aliquos
2789 1361 2914 1425 iam
2944 1367 3130 1443 aptus

810 1466 1071 1527 secutos,
1162 1462 1249 1528 Et
1290 1468 1618 1546 propterea
1679 1463 2104 1546 principaliter
2161 1481 2346 1544 super
2403 1462 2520 1528 hac
2577 1465 2757 1545 parte
2803 1463 3130 1529 declaretis

797 1562 951 1629 bene
994 1583 1101 1631 vos
1148 1583 1287 1630 cum
1325 1566 1458 1648 ipso
1488 1567 1692 1646 Petr0‚
1738 1571 1802 1631 et
1832 1565 2131 1631 conemini
2165 1565 2345 1630 ambo
2379 1566 2535 1630 scire
2565 1570 2747 1630 caute
2777 1569 2842 1631 et
2871 1569 3124 1645 secrete,

804 1665 857 1731 si
900 1665 1079 1731 firma
1120 1672 1217 1732 est
1258 1669 1393 1750 ipsa
1438 1673 1700 1750 treugua
1742 1674 1853 1732 aut
1894 1667 2094 1747 aliter,
2138 1673 2209 1732 ut
2251 1667 2472 1732 melius
2514 1667 2764 1749 possitis
2809 1686 2918 1733 vos
2944 1667 3128 1733 intel-

805 1767 997 1851 ligere
1040 1769 1105 1833 in
1148 1770 1529 1851 expositione
1573 1769 1924 1835 ambaxiate
1966 1774 2031 1835 et
2073 1770 2137 1833 in
2181 1769 2434 1851 praticis
2473 1769 2792 1835 habendis.

1008 1870 1325 1953 Expositis
1362 1872 1553 1954 igitur
1596 1871 1879 1937 omnibus
1939 1871 2244 1938 contentis
2287 1873 2351 1936 in
2395 1872 2592 1954 primo
2637 1872 2928 1954 capitulo,
2989 1891 3126 1938 cum

795 1973 919 2037 illis
962 1973 1181 2053 verbiS,
1242 1993 1363 2056 que
1420 1980 1623 2040 vestre
1681 1974 1983 2056 sapient-ie
2027 1974 2415 2054 videbuntur,
2477 1975 2754 2040 debeatis
2819 1976 3020 2041 dicere
3065 1980 3129 2040 et

798 2076 1107 2158 explicare
1152 2075 1553 2142 Serenissimo
1582 2077 1831 2143 domino
1859 2077 2014 2159 Regi
2047 2077 2296 2143 Polonie
2325 2077 2618 2159 predict0,
2666 2078 2830 2158 quod
2859 2077 3125 2144 existen-

796 2177 965 2244 tibus
1007 2178 1193 2268 rebus
1246 2179 1311 2244 in
1366 2179 1462 2244 his
1506 2179 1787 2244 terminis
1831 2181 2118 2261 quodque
2161 2179 2294 2244 Rex
2339 2178 2762 2262 Sigismondus
2805 2179 3127 2262 Hungarie

792 2299 1034 2362 semper
1062 2279 1251 2346 fuerit
1280 2287 1345 2347 et
1374 2283 1457 2347 sit
1488 2281 1771 2348 inimicus
1808 2300 1917 2347 sue
1946 2281 2332 2362 Sere-nitatiS,
2389 2300 2501 2348 nec
2545 2284 2734 2348 etiam
2776 2283 3010 2348 amicus
3041 2283 3126 2348 sit

791 2383 991 2449 nostri
1027 2383 1302 2464 dominii,
1352 2388 1417 2448 et
1445 2384 1677 2450 vicians
1708 2385 1848 2468 (sic)
1886 2389 1952 2450 et
1983 2383 2298 2451 confinans
2329 2403 2465 2449 cum
2497 2385 2814 2450 territorio
2853 2385 3124 2467 Polonie,

792 2505 1041 2569 semper
1084 2491 1342 2552 conatus
1394 2485 1583 2552 fuerit
1642 2486 1757 2552 sibi
1819 2486 2048 2552 inferre
2095 2487 2406 2552 novitates
2451 2505 2560 2568 per
2605 2506 2674 2554 se
2717 2494 2782 2553 et
2823 2507 2971 2554 suos
3018 2489 3125 2555 ad-

794 2589 1081 2656 herentes
1144 2595 1208 2655 et
1267 2589 1590 2672 colligatos
1646 2593 1712 2655 et
1756 2589 1810 2655 si
1857 2589 1976 2655 hoc
2017 2587 2165 2655 fecit
2208 2590 2274 2655 in
2322 2595 2494 2656 statu
2538 2610 2660 2673 quo
2697 2590 3018 2674 hucusque
3060 2610 3127 2658 se

795 2694 1089 2776 repperit,
1150 2694 1298 2776 quid
1338 2694 1521 2761 debet
1567 2694 1893 2776 imaginari
1939 2694 2140 2777 ipsum
2191 2692 2522 2771 facturum,
2585 2693 2638 2757 si
2691 2694 3023 2760 descendet
3065 2701 3130 2760 et

796 2798 1204 2879 assumpserit
1232 2816 1519 2864 coronam
1550 2798 1803 2880 Imperii
1834 2815 1907 2865 ac
1938 2797 2184 2862 auxerit
2211 2796 2554 2879 potentiam
2585 2814 2780 2877 suam,
2811 2797 2933 2862 nisi
2963 2798 3128 2879 quod

800 2904 992 2981 ponat
1035 2918 1245 2965 omnes
1284 2900 1445 2966 vires
1492 2919 1637 2966 suas
1681 2918 1924 2981 semper
1966 2899 2047 2963 ad
2089 2898 2418 2978 novitates,
2463 2917 2751 2980 guerram
2795 2904 2861 2964 et
2902 2899 3131 2965 damna

796 3003 993 3083 ipsius
1036 3003 1269 3068 domini
1310 3003 1497 3086 Regis
1540 3008 1603 3069 et
1638 3020 1890 3068 suorum
1935 3001 2339 3081 subditorum,
2385 3019 2530 3065 nam
2588 3006 2660 3065 ut
2704 3007 2966 3083 apparet
3007 3019 3132 3067 non

794 3104 993 3170 solum
1026 3106 1341 3187 pretendit
1369 3105 1449 3171 ad
1478 3105 1962 3171 obliviscendum
1993 3105 2198 3171 causis
2225 3124 2609 3186 guerrarum,
2636 3106 2745 3171 sed
2769 3106 2848 3171 ad
2878 3110 3130 3188 postpo-

796 3209 1067 3273 nendum
1112 3208 1319 3273 omnia
1370 3207 1662 3273 benefitia
1719 3213 1974 3290 recepta
2025 3208 2187 3272 sicut
2231 3214 2378 3273 sunt
2420 3207 2615 3272 multa
2657 3207 2961 3273 notabilia
3004 3226 3131 3273 ser-

794 3310 949 3374 vitia
990 3328 1102 3391 per
1148 3316 1427 3376 nostrum
1488 3310 1827 3375 dominium
1881 3310 2000 3376 sibi
2043 3310 2238 3390 illata,
2299 3329 2420 3392 que
2481 3310 2628 3392 quia
2682 3314 2830 3376 nota
2883 3308 3134 3375 fuerunt

800 3412 922 3477 toti
967 3412 1197 3477 mundo
1258 3412 1573 3478 declarare
1630 3430 1755 3477 non
1817 3417 2082 3494 oportet.
2171 3412 2353 3479 Nunc
2399 3418 2609 3478 autem
2655 3412 2788 3496 ipse
2847 3412 3131 3478 dominus

794 3514 929 3579 Rex
974 3512 1403 3596 Sigismondus
1445 3515 1619 3580 dedit
1658 3515 2028 3597 principium
2060 3515 2352 3581 adventui
2385 3535 2498 3581 suo
2529 3516 2944 3598 premittendo
2975 3515 3132 3580 mul-

788 3620 891 3681 tas
934 3620 1151 3698 gentes
1209 3634 1355 3682 suas
1398 3617 1476 3681 ad
1518 3622 1726 3699 partes
1772 3617 2068 3683 Foroiulii
2112 3622 2185 3683 ut
2219 3617 2418 3699 possit
2463 3622 2681 3701 postea
2723 3618 3134 3700 personaliter

788 3719 1181 3784 descendere.
1274 3719 1360 3783 Et
1402 3720 1525 3784 iam
1570 3720 1703 3784 sine
1746 3717 1978 3799 diffida,
2027 3738 2166 3802 ymo
2211 3718 2390 3784 nobis
2431 3719 2780 3801 improvisis
2826 3737 2893 3784 se
2935 3718 3135 3784 disco-

786 3820 1083 3904 hoperuit
1120 3821 1436 3888 inimicum
1480 3828 1763 3888 nostrum
1802 3820 2116 3888 hostiliter
2156 3840 2451 3904 rumpens
2497 3840 2635 3888 cum
2667 3821 2819 3903 ipsis
2846 3820 3136 3903 gentibus

788 3924 915 3989 suis
982 3925 1060 3990 ad
1116 3924 1343 3989 damna
1372 3919 1601 3990 'nost-ri
1658 3924 1979 3989 territorii.
2072 3924 2158 3989 Et
2205 3944 2318 4007 pro
2363 3930 2541 3990 tanto
2599 3923 2878 3989 videntes
2930 3921 3134 4006 ipsum

794 4027 1111 4093 dominum
1140 4026 1879 4110 Regem‘Sigismondum,
1935 4046 2116 4093 suum
2160 4027 2472 4092 inimicum
2517 4032 2582 4091 et
2624 4030 2925 4106 nostrum,
2966 4026 3130 4109 judi-

794 4131 1066 4197 cavimus
1128 4130 1357 4196 bonum
1412 4135 1477 4195 et
1540 4149 1824 4196 securum
1867 4148 2022 4210 esse,
2085 4136 2156 4194 ut
2198 4130 2332 4213 ipse
2377 4129 2663 4195 dominus
2707 4129 2840 4192 Rex
2884 4127 3139 4193 Polonie

784 4255 968 4318 quem
1014 4236 1240 4301 scimus
1298 4235 1540 4317 potenti
1550 4234 1806 4300 ssimum
1849 4253 2003 4314 esse,
2065 4234 2352 4317 gentibus
2407 4237 2474 4298 et
2515 4232 2831 4310 facultate,
2891 4235 2956 4295 et
3010 4248 3124 4296 nos

785 4339 973 4404 etiam
1022 4337 1129 4420 qui
1174 4356 1285 4420 per
1324 4340 1591 4421 gratiam
1630 4337 1746 4404 Dei
1788 4356 2117 4420 possumus
2158 4342 2439 4403 nostram
2482 4334 2824 4419 potentiam
2871 4334 3122 4401 demon-
