3793 5187
1717 591 1844 654 213

602 789 777 856 Roza
833 788 1158 871 perorabit
1232 789 1580 858 Sanctitati
1645 798 1850 860 vestre
1912 813 2049 861 meo
2116 796 2395 876 nomine,
2458 797 2560 862 cui
2626 797 2949 865 credencie

602 893 790 960 fidem
838 889 904 957 S.
936 899 1147 960 vestra
1195 892 1458 976 prebere
1499 895 1790 977 dignetur
1834 897 2107 980 perinde,
2154 904 2229 964 ut
2269 905 2516 982 egomet
2555 901 2948 982 presentissi-

602 1017 743 1065 mus
809 997 1100 1079 loquerer
1144 997 1224 1062 ad
1271 993 1337 1061 S.
1381 995 1703 1064 Vestram:
1772 999 1971 1078 Quam
2035 1001 2215 1082 cupio
2270 1000 2407 1068 fieri
2469 1001 2840 1068 incolumem
2883 1007 2949 1069 et

607 1097 962 1185 prosperari
1000 1116 1114 1180 pro
1157 1098 1363 1165 tocius
1408 1099 1756 1166 orthodoxe
1799 1100 1945 1166 fidei
1991 1102 2462 1170 conservatione
2491 1109 2556 1170 et
2585 1110 2947 1188 augmento.

605 1203 774 1270 Date
821 1200 1210 1267 Sandomirie
1237 1200 1556 1284 Vigesima
1599 1200 1794 1269 Sexta
1837 1203 2075 1270 Mensis
2116 1204 2257 1288 Iuly
2299 1207 2482 1272 Anno
2525 1207 2760 1273 domini
2804 1207 2947 1274 Mil-

607 1307 824 1374 lesimo
868 1303 1486 1386 quadringentesimo
1533 1303 1927 1388 Octogesimo
1971 1311 2189 1373 octavo

1015 1405 1314 1472 Eiusdem
1363 1405 1732 1474 Sanctitatis
1771 1407 2001 1475 Vestre

1692 1509 1967 1576 Humilis
2012 1510 2179 1577 filius
2220 1511 2743 1582 Kazimirus

1982 1614 2117 1680 Rex
2158 1613 2433 1680 Polonie.

809 1732 890 1816 (Α
936 1731 1150 1814 ter-qo).
1224 1728 1637 1796 Sanctissimo
1681 1731 1748 1796 in
1792 1731 2028 1798 christo
2068 1733 2237 1814 patri
2275 1739 2341 1799 et
2382 1733 2653 1816 domino,
2698 1734 2949 1800 domino

609 1835 975 1902 Innocencio
1029 1834 1243 1899 divina
1301 1834 1698 1915 providencia
1765 1833 2179 1901 Sacrosancte
2241 1835 2521 1903 Romane
2568 1855 2642 1903 ac
2683 1835 2947 1902 Univer-

604 1940 757 2007 salis
798 1936 1076 2004 Ecclesie
1127 1934 1388 2001 Summo
1431 1935 1720 2002 Pontifici
1761 1936 2009 2003 domino
2054 1937 2553 2006 clementissimo.

1094 2069 1366 2138 (Arc-bivio
1401 2069 1460 2124 cli
1492 2069 1646 2126 Staio
1693 2071 1953 2140 Vmen’a).

599 2158 730 2215 Atti
765 2175 798 2214 e
835 2155 1003 2212 Bolle
1038 2154 1196 2210 della
1240 2155 1416 2210 Curia
1447 2155 1726 2211 Romana.
1779 2157 1967 2214 Busta
2003 2159 2089 2214 28.
2140 2158 2389 2216 Polonia
2424 2161 2473 2214 7.

1823 2347 2029 2364 ww·

1615 2481 1944 2559 XCVII.

801 2636 1191 2704 Beatissime
1233 2636 1300 2702 in
1346 2636 1587 2703 christo
1632 2640 1820 2719 pater
1859 2644 1925 2702 et
1967 2635 2247 2717 Domine,
2295 2637 2543 2703 domine
2580 2636 2948 2704 Clementis-

599 2744 770 2809 sime.
860 2746 1014 2807 Post
1077 2740 1388 2805 humilem
1456 2741 1579 2805 mei
1653 2740 2269 2806 commendationem.
2357 2738 2424 2806 Si
2476 2741 2726 2823 quando
2782 2739 2949 2805 votis

603 2846 829 2911 Vestre
855 2842 1299 2909 Beatitudinis
1330 2842 1706 2924 placendum
1734 2843 1920 2925 digne
1948 2844 2320 2909 censendum
2358 2843 2460 2925 sit,
2502 2847 2653 2910 tunc
2681 2843 2948 2909 maxime

603 2966 744 3015 cum
787 2966 928 3013 eam
968 2963 1096 3011 non
1138 2945 1324 3011 modo
1368 2946 1441 3010 in
1488 2963 1770 3011 meorum
1818 2944 2231 3011 dominiorum
2272 2944 2680 3028 universeque
2720 2946 2950 3028 Reipu-

599 3050 763 3118 blice
811 3048 1152 3117 christiane
1195 3066 1235 3113 a
1279 3066 1322 3129 p
1335 3044 1546 3113 erfidis
1588 3048 1721 3113 eius
1765 3046 2055 3113 hostibus
2101 3048 2389 3128 tuicione,
2456 3047 2566 3114 sed
2618 3052 2685 3114 et
2725 3048 2948 3115 domus

600 3173 740 3221 mee
781 3172 857 3220 ac
896 3150 1132 3217 familie
1179 3149 1350 3216 hono
1361 3150 1557 3216 rande
1599 3151 2066 3233 attollendeque
2107 3150 2441 3233 plurimum
2493 3148 2842 3215 benivolam
2883 3155 2949 3217 et

599 3254 1005 3323 favorabilem
1065 3257 1197 3319 tam
1256 3271 1333 3319 ex
1402 3252 1707 3319 brevibus
1750 3253 1883 3319 eius
1925 3253 2173 3334 litteris,
2234 3271 2423 3335 quam
2470 3252 2625 3318 meis
2667 3252 2949 3319 Oratori-

600 3358 720 3425 bus
761 3357 918 3423 satis
976 3356 1161 3438 plane
1207 3356 1512 3436 intellexi,
1583 3357 1749 3439 quod
1785 3356 1852 3421 in
1894 3374 2185 3439 magnam
2226 3354 2416 3421 michi
2461 3356 2626 3422 cedit
2668 3356 2946 3422 consola-

601 3462 842 3527 cionem
887 3463 1190 3541 cogetque
1236 3476 1339 3523 me
1385 3457 1544 3524 dum
1588 3478 1664 3525 ea
1703 3463 1778 3524 ut
1820 3478 1959 3525 sum
2004 3458 2384 3524 certissimus
2413 3458 2703 3541 prosequi
2732 3458 2948 3540 digna-

600 3562 776 3629 bitur
801 3579 1118 3645 generose,
1165 3560 1364 3625 talem
1409 3561 1552 3643 plus
1579 3561 1764 3627 solito
1793 3561 2023 3628 Vestre
2057 3558 2433 3627 beatitudini
2460 3565 2525 3627 et
2552 3566 2950 3627 sacrosancte

599 3663 943 3747 apostolice
985 3662 1118 3729 sedi
1177 3662 1494 3745 exhibere,
1564 3670 1640 3729 ut
1687 3663 2004 3746 intelligat
2047 3682 2184 3729 eam
2231 3662 2613 3730 benemerito
2658 3667 2723 3731 et
2764 3668 2947 3747 grato

601 3768 993 3851 impendisse.
1093 3765 1224 3845 Que
1265 3767 1468 3833 eciam
1510 3767 1590 3833 de
1629 3766 1915 3833 Ecclesia
1939 3766 2292 3841 Varmiensi
2329 3785 2467 3833 cum
2512 3786 2650 3833 eam
2692 3786 2949 3835 vaccare

602 3870 996 3953 contingeret
1038 3869 1274 3934 eisdem
1321 3868 1559 3934 litteris
1601 3867 1891 3935 brevibus
1936 3868 2196 3951 dignata
2236 3866 2359 3934 fuit
2391 3887 2491 3935 me
2530 3870 2773 3937 efficere
2816 3890 2948 3937 cer-

597 3974 848 4052 ciorem,
919 3972 1088 4054 quod
1151 3972 1220 4035 in
1287 3972 1423 4037 eius
1488 3972 1842 4054 provisione
1895 3972 2067 4056 pacis
2108 3978 2175 4037 et
2218 3976 2424 4037 status
2491 3991 2770 4039 meorum
2804 3972 2948 4038 illu-

601 4075 876 4156 strisque
931 4074 1065 4139 nati
1107 4074 1233 4138 mei
1280 4074 1358 4139 do
1368 4074 1522 4140 mini
1563 4072 1866 4141 Friderici
1928 4074 2113 4140 electi
2174 4073 2603 4141 cracoviensis
2646 4076 2947 4157 optimam

601 4175 832 4243 habere
893 4176 1208 4242 racionem
1274 4176 1592 4258 videatur,
1663 4196 1850 4259 quam
1918 4177 2141 4243 obnixe
2204 4196 2423 4260 precor
2476 4177 2767 4260 dignetur
2808 4195 2948 4243 eam

601 4280 803 4362 ipsam
853 4278 1202 4344 Ecclesiam
1247 4278 1435 4344 modo
1479 4286 1807 4345 vacantem
1871 4279 2077 4346 eidem
2134 4286 2285 4346 nato
2332 4298 2473 4346 meo
2517 4280 2765 4346 domino
2809 4279 2947 4346 Fri-

603 4384 815 4450 derico
870 4383 940 4447 in
980 4386 1349 4464 perpetuam
1420 4383 2035 4449 administracionem
2095 4383 2269 4450 confe
2439 4400 2756 4465 generose,
2821 4401 2948 4449 non

607 4486 790 4553 modo
847 4502 965 4567 pro
1013 4484 1110 4551 sui
1155 4489 1361 4551 status
1411 4486 1790 4553 condicionis
1858 4486 2053 4569 Regie
2108 4402 2564 4637 sustessione
2627 4485 2948 4569 ipsiusque
