3793 5187
1935 459 2057 524 144

820 661 1004 729 unius
1063 681 1252 744 quam
1307 660 1574 728 alterius
1637 660 1776 728 fieri
1844 661 2139 744 debeant,
2207 671 2273 730 et
2334 669 2683 747 propterea
2738 663 3166 730 necessarium

821 784 982 844 esse,
1049 771 1124 830 ut
1164 781 1542 846 unaqueque
1586 783 1738 846 pars
1783 770 2007 832 teneat
2048 771 2293 848 gentes
2356 785 2516 848 quas
2562 772 2779 833 tenere
2824 765 3165 848 obligatur,

819 874 890 935 et
933 869 988 935 si
1033 887 1160 934 una
1204 865 1652 948 offenderetur,
1705 867 1954 948 relique
2000 868 2169 934 bona
2212 867 2340 935 fide
2388 876 2455 935 et
2498 869 2779 950 realiter,
2827 888 2967 935 cum
3010 888 3165 952 gen-

819 973 988 1040 tibus
1022 970 1320 1054 obligatis
1353 970 1412 1036 ei
1442 989 1814 1036 succurrere
1859 976 2199 1038 teneantur
2240 978 2307 1038 ct
2338 990 2701 1053 econverso,
2747 991 2895 1038 nam
2938 977 3168 1038 neutra

821 1075 1132 1141 dictarum
1190 1072 1466 1157 partium
1531 1078 1750 1154 potest
1807 1091 1877 1139 se
1948 1073 2166 1140 taliter
2234 1080 2541 1156 reputare
2606 1093 2925 1155 securam,
2994 1074 3164 1158 quod

818 1178 1024 1260 possit
1068 1177 1278 1242 dicere
1321 1180 1546 1259 gentes
1593 1180 1768 1241 stare
1813 1175 2049 1242 debere
2086 1177 2152 1241 in
2196 1176 2354 1243 locis
2399 1179 2585 1242 unius
2630 1181 2877 1243 tantum
2916 1182 2983 1243 ct
3016 1177 3165 1243 inde

818 1299 945 1346 non
988 1281 1252 1360 moveri,
1315 1277 1434 1344 sed
1491 1277 1856 1344 necessarie
1912 1282 2029 1358 est,
2091 1285 2165 1344 ut
2210 1297 2349 1344 cum
2394 1278 2691 1360 gentibus
2735 1279 3041 1362 predictis
3086 1279 3167 1346 de

821 1389 1110 1465 tempore
1153 1382 1218 1446 in
1264 1387 1515 1464 tempus
1558 1381 1905 1447 secundum
1946 1385 2159 1447 rer'um
2200 1381 2605 1464 exigentiam,
2649 1386 2725 1447 ut
2766 1381 2915 1447 boni
2952 1382 3165 1448 confe-

819 1484 1026 1552 derati
1071 1484 1152 1550 ad
1195 1484 1462 1550 invicem
1507 1501 1578 1549 se
1617 1488 2007 1550 succurrant.

1021 1604 1122 1670 Ad
1159 1607 1454 1686 quartum
1499 1622 1650 1670 vero
1697 1603 1777 1669 de
1819 1603 1952 1687 liga
1995 1603 2276 1686 generali
2333 1603 2553 1670 dicunt
2602 1605 2881 1670 dominia
2922 1610 3161 1687 vestra,

819 1707 992 1788 quod
1035 1711 1177 1772 tota
1217 1712 1432 1773 mente
1474 1703 1738 1788 pacifice
1780 1705 1998 1772 vivere
2042 1710 2367 1788 exoptant,
2434 1711 2501 1770 et
2560 1706 2721 1772 adeo
2779 1708 2958 1789 pacis
2995 1708 3161 1773 zela-

819 1813 993 1876 tores
1041 1810 1213 1876 dicta
1255 1807 1596 1892 Magnifica
1644 1809 2014 1875 Comunitas
2068 1808 2391 1874 Florentie
2434 1813 2503 1874 et
2548 1827 2662 1875 nos
2706 1827 2941 1891 sumus,
2989 1811 3162 1891 quod

819 1911 1031 1978 omnia
1073 1913 1319 1978 evitare
1365 1929 1662 1976 conamur
1706 1929 1830 1992 que
1877 1911 2021 1977 aliis
2063 1911 2324 1977 valeant
2369 1929 2509 1977 esse
2546 1911 2837 1978 molesta.
2910 1913 2997 1979 Et
3026 1919 3159 1978 tam

819 2033 962 2080 cum
1007 2013 1424 2080 Serenissimo
1472 2013 1724 2079 domino
1767 2013 1945 2097 Rege
1994 2013 2361 2096 Aragonum
2427 2032 2615 2095 quam
2682 2033 2823 2081 cum
2868 2015 3159 2082 Serenis-

817 2115 976 2182 simo
1023 2116 1275 2181 domino
1318 2115 1496 2198 Rege
1540 2116 1792 2181 Renato
1836 2115 2069 2181 bonam
2126 2120 2415 2182 tenemus
2460 2117 2807 2183 amiciciam
2858 2122 2926 2184 et
2967 2118 3161 2184 bene-

818 2219 1182 2286 volentiam.
1265 2219 1354 2285 Et
1405 2218 1771 2302 intelligunt
1828 2237 2047 2284 omnes
2112 2219 2387 2300 qualiter
2452 2237 2557 2284 res
2606 2220 3063 2286 successissent
3104 2221 3161 2286 si

819 2321 900 2387 de
944 2321 1132 2388 factis
1191 2321 1395 2404 Regni
1461 2321 1878 2387 voluissemus
1946 2339 2063 2386 nos
2129 2322 2453 2403 impedire.
2526 2321 2657 2388 Sed
2723 2328 3163 2390 contentamur

817 2429 992 2490 stare
1033 2425 1098 2490 in
1144 2424 1428 2491 terminis
1472 2424 1708 2489 nostris
1754 2429 1822 2490 et
1865 2443 2006 2490 cum
2040 2423 2328 2489 omnibus
2364 2424 2781 2490 amicabiliter
2808 2425 3042 2507 vivere,
3087 2431 3163 2492 ut

816 2545 858 2592 a
897 2532 1131 2595 natura
1176 2526 1390 2595 facere
1432 2526 1650 2592 datum
1695 2531 1797 2592 est
1839 2526 2349 2592 comunitatibus.
2396 2525 2485 2592 Et
2514 2544 2654 2591 cum
2686 2527 3159 2595 consideramus

813 2633 1288 2700 Beatitudinem
1357 2633 1548 2699 Suam
1619 2632 1868 2698 dedisse
1940 2631 2517 2697 confaloneriatum
2562 2632 2999 2698 Illustrissimo
3046 2632 3159 2697 do-

811 2734 982 2802 mino
1026 2735 1277 2802 Delfino
1323 2754 1399 2802 ac
1442 2736 1612 2819 quod
1657 2734 2111 2801 Serenissimus
2176 2735 2463 2799 dominus
2531 2734 2671 2801 Rex
2730 2734 3035 2814 Renatus‚
3096 2739 3162 2799 et

811 2840 949 2921 ipse
995 2838 1281 2905 Delfinus
1325 2838 1573 2904 venturi
1625 2842 1773 2903 sunt
1822 2837 1886 2902 in
1932 2837 2203 2917 Italiam,
2264 2838 2481 2903 videre
2540 2837 2855 2903 nescimus
2900 2841 2966 2903 et
3008 2855 3158 2919 pro-

813 2946 1039 3024 pterea
1080 2941 1355 3007 libenter
1397 2940 1901 3024 intelligeremus
1948 2941 2219 3021 qualiter
2262 2940 2619 3005 huiusmodi
2663 2940 2795 3022 liga
2838 2940 3156 3023 generalis

813 3042 954 3108 fieri
1003 3044 1208 3126 possit
1253 3045 1390 3109 sine
1429 3043 1772 3127 gravedine
1833 3048 1901 3107 et
1948 3042 2379 3125 indignatione
2438 3042 2667 3108 mentis
2728 3041 3159 3123 predictorum

815 3146 1216 3212 Serenissimi
1263 3146 1495 3211 domini
1555 3145 1750 3228 Regis
1807 3144 2057 3225 Renati‚
2124 3150 2189 3209 et
2245 3144 2663 3210 Illustrissimi
2720 3144 2955 3209 domini
3004 3144 3159 3209 Del-

812 3246 943 3327 fini,
990 3248 1153 3313 Nam
1198 3249 1281 3313 ad
1323 3248 1722 3313 inimiciciam
1769 3248 2055 3326 alicuiuS‚
2102 3247 2160 3313 si
2201 3246 2505 3329 possibile
2550 3251 2651 3312 est
2694 3246 2992 3311 devenire
3034 3264 3161 3311 non

811 3350 1193 3416 intendimus
1239 3356 1306 3416 et
1346 3350 1426 3416 de
1469 3350 1883 3433 responsione
1944 3367 2134 3431 quam
2193 3348 2445 3429 facient,
2510 3367 2628 3415 nos
2682 3349 2914 3415 vestris
2954 3347 3159 3415 literis

815 3452 1108 3519 advisare
1153 3453 1462 3519 debeatis.

1119 3590 1218 3655 De
1261 3596 1445 3674 parte
1489 3592 1593 3658 51.

1020 3828 1140 3895 Ser
1181 3830 1418 3896 Paulus
1450 3831 1664 3897 Truno
1709 3833 2109 3911 procurator,
2157 3826 2275 3893 Ser
2304 3825 2563 3892 Andrea
2603 3824 2995 3893 Mauroceno
3040 3826 3158 3893 Sa-

813 3930 1064 4011 pientes
1114 3933 1375 3999 Gonsilii
1424 3938 1490 3998 et
1527 3930 1864 4013 Sapientes
1914 3937 2089 3997 terre
2128 3928 2308 3995 firme

1023 4051 1266 4119 Volunt
1309 4052 1480 4135 quod
1529 4049 1843 4117 scribatur
1889 4050 2009 4116 Ser
2037 4050 2291 4115 Andree
2332 4049 2587 4115 Donato
2622 4048 2883 4116 Oratori
2922 4049 2989 4114 in
3032 4049 3159 4114 Ro-

817 4170 1005 4218 mana
1051 4154 1246 4220 Curia
1288 4155 1354 4220 in
1396 4152 1909 4220 iustificationem
1976 4157 2223 4218 tantum
2271 4151 2425 4218 facti
2472 4152 2678 4218 nostri
2722 4151 2802 4219 de
2850 4152 3050 4235 galeis
3096 4151 3161 4217 in

812 4254 1019 4320 forma
1060 4256 1227 4322 lecta
1267 4256 1414 4322 huic
1459 4255 1740 4336 consilio,
1807 4254 1921 4328 sed
1968 4254 2047 4319 de
2092 4254 2348 4335 partitis
2406 4254 2755 4337 propositis
2797 4254 2954 4320 nihil
2996 4254 3156 4319 scri-

815 4354 1004 4425 batur
1047 4376 1377 4442 usquequo
1425 4358 1782 4427 habeantur
1827 4357 1953 4427 alie
2000 4357 2187 4425 litere
2232 4376 2271 4423 a
2314 4358 2485 4427 dicto
2533 4356 2653 4425 Ser
2696 4357 2973 4437 Andrea,
3018 4356 3157 4440 qui-
