<?xml version="1.0" encoding="UTF-8"?>
<!DOCTYPE html PUBLIC "-//W3C//DTD XHTML 1.0 Transitional//EN"
    "http://www.w3.org/TR/xhtml1/DTD/xhtml1-transitional.dtd">
<html xmlns="http://www.w3.org/1999/xhtml" xml:lang="en" lang="en">
 <head>
  <title>
</title>
<meta http-equiv="Content-Type" content="text/html;charset=utf-8" />
  <meta name='ocr-system' content='tesseract 3.04.00' />
  <meta name='ocr-capabilities' content='ocr_page ocr_carea ocr_par ocr_line ocrx_word'/>
</head>
<body>
  <div class='ocr_page' id='page_1' title='image "./fontesrerumpolo00unkngoog_0025.png"; bbox 0 0 3793 5187; ppageno 0'>
   <div class='ocr_carea' id='block_1_1' title="bbox 1949 473 2028 546">
    <p class='ocr_par' dir='ltr' id='par_1_1' title="bbox 1949 473 2028 546">
     <span class='ocr_line' id='line_1_1' title="bbox 1949 473 2028 546; baseline 0 0"><span class='ocrx_word' id='word_1_1' title='bbox 1949 473 2028 546; x_wconf 79' lang='lat'>18</span> 
     </span>
    </p>
   </div>
   <div class='ocr_carea' id='block_1_2' title="bbox 1796 568 2192 579">
    <p class='ocr_par' dir='ltr' id='par_1_2' title="bbox 1796 568 2192 579">
     <span class='ocr_line' id='line_1_2' title="bbox 1796 568 2192 579; baseline 0 0"><span class='ocrx_word' id='word_1_2' title='bbox 1796 568 2192 579; x_wconf 95' lang='lat' dir='ltr'> </span> 
     </span>
    </p>
   </div>
   <div class='ocr_carea' id='block_1_3' title="bbox 812 683 3158 2005">
    <p class='ocr_par' dir='ltr' id='par_1_3' title="bbox 812 683 3158 2005">
     <span class='ocr_line' id='line_1_3' title="bbox 822 683 3156 770; baseline -0.001 -18"><span class='ocrx_word' id='word_1_3' title='bbox 822 699 1025 754; x_wconf 69' lang='lat' dir='ltr'>morae</span> <span class='ocrx_word' id='word_1_4' title='bbox 1066 686 1527 770; x_wconf 90' lang='lat' dir='ltr'>progenitorum</span> <span class='ocrx_word' id='word_1_5' title='bbox 1579 690 1954 766; x_wconf 89' lang='lat' dir='ltr'>nostrorum,</span> <span class='ocrx_word' id='word_1_6' title='bbox 2023 703 2264 768; x_wconf 87' lang='lat' dir='ltr'>semper</span> <span class='ocrx_word' id='word_1_7' title='bbox 2319 683 2694 767; x_wconf 83' lang='lat' dir='ltr'><strong>quesivimus</strong></span> <span class='ocrx_word' id='word_1_8' title='bbox 2747 684 2910 750; x_wconf 90' lang='lat' dir='ltr'>viam</span> <span class='ocrx_word' id='word_1_9' title='bbox 2965 683 3156 766; x_wconf 78' lang='lat' dir='ltr'>pacis,</span> 
     </span>
     <span class='ocr_line' id='line_1_4' title="bbox 820 786 3158 873; baseline -0.001 -17"><span class='ocrx_word' id='word_1_10' title='bbox 820 796 886 856; x_wconf 91' lang='lat' dir='ltr'>et</span> <span class='ocrx_word' id='word_1_11' title='bbox 913 791 1377 873; x_wconf 79' lang='lat' dir='ltr'>procuravimus</span> <span class='ocrx_word' id='word_1_12' title='bbox 1404 808 1545 855; x_wconf 93' lang='lat' dir='ltr'>cum</span> <span class='ocrx_word' id='word_1_13' title='bbox 1575 788 2063 873; x_wconf 89' lang='lat' dir='ltr'>quibuscumque</span> <span class='ocrx_word' id='word_1_14' title='bbox 2105 786 2484 871; x_wconf 90' lang='lat' dir='ltr'>principibus</span> <span class='ocrx_word' id='word_1_15' title='bbox 2525 791 2590 852; x_wconf 89' lang='lat' dir='ltr'>et</span> <span class='ocrx_word' id='word_1_16' title='bbox 2631 786 2898 852; x_wconf 90' lang='lat' dir='ltr'>dominis</span> <span class='ocrx_word' id='word_1_17' title='bbox 2943 789 3158 853; x_wconf 92' lang='lat' dir='ltr'>mundi</span> 
     </span>
     <span class='ocr_line' id='line_1_5' title="bbox 823 889 3158 975; baseline -0.001 -17"><span class='ocrx_word' id='word_1_18' title='bbox 823 893 1075 975; x_wconf 86' lang='lat' dir='ltr'>pacifice</span> <span class='ocrx_word' id='word_1_19' title='bbox 1117 897 1183 958; x_wconf 91' lang='lat' dir='ltr'>et</span> <span class='ocrx_word' id='word_1_20' title='bbox 1223 892 1431 975; x_wconf 89' lang='lat' dir='ltr'>quiete</span> <span class='ocrx_word' id='word_1_21' title='bbox 1467 891 1689 956; x_wconf 84' lang='lat' dir='ltr'>vivere.</span> <span class='ocrx_word' id='word_1_22' title='bbox 1780 891 1865 955; x_wconf 90' lang='lat' dir='ltr'>Et</span> <span class='ocrx_word' id='word_1_23' title='bbox 1907 891 2074 955; x_wconf 88' lang='lat' dir='ltr'>inter</span> <span class='ocrx_word' id='word_1_24' title='bbox 2113 890 2268 955; x_wconf 87' lang='lat' dir='ltr'>alios</span> <span class='ocrx_word' id='word_1_25' title='bbox 2311 889 2618 972; x_wconf 85' lang='lat' dir='ltr'>principes</span> <span class='ocrx_word' id='word_1_26' title='bbox 2659 889 2874 955; x_wconf 85' lang='lat' dir='ltr'>mundi</span> <span class='ocrx_word' id='word_1_27' title='bbox 2915 907 3158 972; x_wconf 83' lang='lat' dir='ltr'>semper</span> 
     </span>
     <span class='ocr_line' id='line_1_6' title="bbox 820 991 3154 1075; baseline -0.001 -15"><span class='ocrx_word' id='word_1_28' title='bbox 820 995 1243 1061; x_wconf 84' lang='lat' dir='ltr'>affectavimus</span> <span class='ocrx_word' id='word_1_29' title='bbox 1288 1013 1427 1060; x_wconf 87' lang='lat' dir='ltr'>cum</span> <span class='ocrx_word' id='word_1_30' title='bbox 1472 993 1874 1060; x_wconf 87' lang='lat' dir='ltr'>Serenissimo</span> <span class='ocrx_word' id='word_1_31' title='bbox 1918 993 2085 1075; x_wconf 90' lang='lat' dir='ltr'>Rege</span> <span class='ocrx_word' id='word_1_32' title='bbox 2127 992 2445 1074; x_wconf 88' lang='lat' dir='ltr'>Hungarie</span> <span class='ocrx_word' id='word_1_33' title='bbox 2487 991 2896 1057; x_wconf 71' lang='lat' dir='ltr'>amicabiliter</span> <span class='ocrx_word' id='word_1_34' title='bbox 2931 993 3154 1074; x_wconf 83' lang='lat' dir='ltr'>vivere,</span> 
     </span>
     <span class='ocr_line' id='line_1_7' title="bbox 818 1093 3156 1180; baseline -0.001 -17"><span class='ocrx_word' id='word_1_35' title='bbox 818 1117 934 1163; x_wconf 89' lang='lat' dir='ltr'>nec</span> <span class='ocrx_word' id='word_1_36' title='bbox 976 1115 1250 1180; x_wconf 87' lang='lat' dir='ltr'>unquam</span> <span class='ocrx_word' id='word_1_37' title='bbox 1294 1116 1407 1180; x_wconf 89' lang='lat' dir='ltr'>pro</span> <span class='ocrx_word' id='word_1_38' title='bbox 1450 1101 1665 1162; x_wconf 87' lang='lat' dir='ltr'>nostro</span> <span class='ocrx_word' id='word_1_39' title='bbox 1709 1095 1983 1162; x_wconf 89' lang='lat' dir='ltr'>dominio</span> <span class='ocrx_word' id='word_1_40' title='bbox 2025 1093 2266 1175; x_wconf 73' lang='lat' dir='ltr'>defecit,</span> <span class='ocrx_word' id='word_1_41' title='bbox 2329 1095 2479 1177; x_wconf 85' lang='lat' dir='ltr'>quin</span> <span class='ocrx_word' id='word_1_42' title='bbox 2523 1112 2645 1177; x_wconf 86' lang='lat' dir='ltr'>pax</span> <span class='ocrx_word' id='word_1_43' title='bbox 2687 1099 3002 1177; x_wconf 87' lang='lat' dir='ltr'>sequatur,</span> <span class='ocrx_word' id='word_1_44' title='bbox 3059 1096 3156 1160; x_wconf 87' lang='lat' dir='ltr'>in-</span> 
     </span>
     <span class='ocr_line' id='line_1_8' title="bbox 820 1197 3150 1280; baseline -0.002 -13"><span class='ocrx_word' id='word_1_45' title='bbox 820 1207 919 1267; x_wconf 89' lang='lat' dir='ltr'>ter</span> <span class='ocrx_word' id='word_1_46' title='bbox 960 1199 1435 1266; x_wconf 88' lang='lat' dir='ltr'>Serenissimum</span> <span class='ocrx_word' id='word_1_47' title='bbox 1477 1199 1793 1265; x_wconf 89' lang='lat' dir='ltr'>dominum</span> <span class='ocrx_word' id='word_1_48' title='bbox 1838 1199 2070 1280; x_wconf 86' lang='lat' dir='ltr'>Regem</span> <span class='ocrx_word' id='word_1_49' title='bbox 2113 1198 2434 1280; x_wconf 86' lang='lat' dir='ltr'>Hungarie</span> <span class='ocrx_word' id='word_1_50' title='bbox 2473 1197 2822 1280; x_wconf 89' lang='lat' dir='ltr'>predictum</span> <span class='ocrx_word' id='word_1_51' title='bbox 2891 1202 2956 1262; x_wconf 89' lang='lat' dir='ltr'>et</span> <span class='ocrx_word' id='word_1_52' title='bbox 3018 1217 3150 1278; x_wconf 84' lang='lat' dir='ltr'>noS‚</span> 
     </span>
     <span class='ocr_line' id='line_1_9' title="bbox 816 1300 3153 1384; baseline -0.002 -14"><span class='ocrx_word' id='word_1_53' title='bbox 816 1322 932 1370; x_wconf 88' lang='lat' dir='ltr'>nec</span> <span class='ocrx_word' id='word_1_54' title='bbox 972 1303 1259 1370; x_wconf 88' lang='lat' dir='ltr'>similiter</span> <span class='ocrx_word' id='word_1_55' title='bbox 1300 1321 1413 1384; x_wconf 92' lang='lat' dir='ltr'>pro</span> <span class='ocrx_word' id='word_1_56' title='bbox 1455 1301 1635 1369; x_wconf 90' lang='lat' dir='ltr'>nobis</span> <span class='ocrx_word' id='word_1_57' title='bbox 1677 1301 1940 1384; x_wconf 89' lang='lat' dir='ltr'>deficiet,</span> <span class='ocrx_word' id='word_1_58' title='bbox 1995 1307 2068 1368; x_wconf 88' lang='lat' dir='ltr'>ut</span> <span class='ocrx_word' id='word_1_59' title='bbox 2107 1301 2190 1367; x_wconf 88' lang='lat' dir='ltr'>ad</span> <span class='ocrx_word' id='word_1_60' title='bbox 2224 1319 2440 1383; x_wconf 86' lang='lat' dir='ltr'>pacem</span> <span class='ocrx_word' id='word_1_61' title='bbox 2481 1301 2825 1383; x_wconf 80' lang='lat' dir='ltr'>predictam</span> <span class='ocrx_word' id='word_1_62' title='bbox 2867 1300 3153 1366; x_wconf 86' lang='lat' dir='ltr'>devenia-</span> 
     </span>
     <span class='ocr_line' id='line_1_10' title="bbox 816 1404 3154 1487; baseline -0.002 -15"><span class='ocrx_word' id='word_1_63' title='bbox 816 1411 937 1472; x_wconf 91' lang='lat' dir='ltr'>tur.</span> <span class='ocrx_word' id='word_1_64' title='bbox 1026 1405 1132 1486; x_wconf 89' lang='lat' dir='ltr'>Et,</span> <span class='ocrx_word' id='word_1_65' title='bbox 1181 1411 1254 1471; x_wconf 93' lang='lat' dir='ltr'>ut</span> <span class='ocrx_word' id='word_1_66' title='bbox 1281 1406 1581 1471; x_wconf 73' lang='lat' dir='ltr'>Maiestas</span> <span class='ocrx_word' id='word_1_67' title='bbox 1608 1410 1821 1470; x_wconf 80' lang='lat' dir='ltr'>vestra</span> <span class='ocrx_word' id='word_1_68' title='bbox 1848 1409 2196 1487; x_wconf 73' lang='lat' dir='ltr'>cognoscat,</span> <span class='ocrx_word' id='word_1_69' title='bbox 2240 1421 2355 1470; x_wconf 91' lang='lat' dir='ltr'>nos</span> <span class='ocrx_word' id='word_1_70' title='bbox 2395 1405 2479 1470; x_wconf 86' lang='lat' dir='ltr'>ad</span> <span class='ocrx_word' id='word_1_71' title='bbox 2520 1422 2735 1486; x_wconf 87' lang='lat' dir='ltr'>pacem</span> <span class='ocrx_word' id='word_1_72' title='bbox 2779 1421 2916 1470; x_wconf 68' lang='lat' dir='ltr'>aese</span> <span class='ocrx_word' id='word_1_73' title='bbox 2946 1404 3154 1486; x_wconf 91' lang='lat' dir='ltr'>dispo-</span> 
     </span>
     <span class='ocr_line' id='line_1_11' title="bbox 815 1507 3152 1592; baseline -0.001 -18"><span class='ocrx_word' id='word_1_74' title='bbox 815 1511 988 1591; x_wconf 88' lang='lat' dir='ltr'>sitos,</span> <span class='ocrx_word' id='word_1_75' title='bbox 1055 1513 1120 1575; x_wconf 89' lang='lat' dir='ltr'>et</span> <span class='ocrx_word' id='word_1_76' title='bbox 1174 1508 1707 1592; x_wconf 80' lang='lat' dir='ltr'>interpositionem</span> <span class='ocrx_word' id='word_1_77' title='bbox 1759 1515 2030 1574; x_wconf 85' lang='lat' dir='ltr'>vestram</span> <span class='ocrx_word' id='word_1_78' title='bbox 2089 1508 2340 1591; x_wconf 87' lang='lat' dir='ltr'>regiam,</span> <span class='ocrx_word' id='word_1_79' title='bbox 2407 1508 2572 1572; x_wconf 90' lang='lat' dir='ltr'>inter</span> <span class='ocrx_word' id='word_1_80' title='bbox 2615 1507 2774 1572; x_wconf 88' lang='lat' dir='ltr'>alias</span> <span class='ocrx_word' id='word_1_81' title='bbox 2826 1507 3152 1589; x_wconf 87' lang='lat' dir='ltr'>interposi-</span> 
     </span>
     <span class='ocr_line' id='line_1_12' title="bbox 816 1610 3152 1696; baseline -0.001 -18"><span class='ocrx_word' id='word_1_82' title='bbox 816 1613 1035 1693; x_wconf 52' lang='lat' dir='ltr'>tiones</span> <span class='ocrx_word' id='word_1_83' title='bbox 1102 1631 1260 1696; x_wconf 89' lang='lat' dir='ltr'>quas</span> <span class='ocrx_word' id='word_1_84' title='bbox 1303 1611 1531 1678; x_wconf 87' lang='lat' dir='ltr'>habere</span> <span class='ocrx_word' id='word_1_85' title='bbox 1570 1630 1910 1695; x_wconf 72' lang='lat' dir='ltr'>possemuS,</span> <span class='ocrx_word' id='word_1_86' title='bbox 1976 1630 2110 1678; x_wconf 84' lang='lat' dir='ltr'>esse</span> <span class='ocrx_word' id='word_1_87' title='bbox 2167 1615 2378 1676; x_wconf 90' lang='lat' dir='ltr'>nostro</span> <span class='ocrx_word' id='word_1_88' title='bbox 2431 1610 2702 1676; x_wconf 89' lang='lat' dir='ltr'>dominio</span> <span class='ocrx_word' id='word_1_89' title='bbox 2758 1615 3022 1693; x_wconf 81' lang='lat' dir='ltr'>gratam,</span> <span class='ocrx_word' id='word_1_90' title='bbox 3087 1614 3152 1676; x_wconf 91' lang='lat' dir='ltr'>et</span> 
     </span>
     <span class='ocr_line' id='line_1_13' title="bbox 815 1713 3151 1798; baseline -0.001 -16"><span class='ocrx_word' id='word_1_91' title='bbox 815 1721 1150 1798; x_wconf 85' lang='lat' dir='ltr'>acceptam,</span> <span class='ocrx_word' id='word_1_92' title='bbox 1224 1715 1688 1781; x_wconf 83' lang='lat' dir='ltr'>terminavimus</span> <span class='ocrx_word' id='word_1_93' title='bbox 1732 1733 1870 1780; x_wconf 92' lang='lat' dir='ltr'>cum</span> <span class='ocrx_word' id='word_1_94' title='bbox 1914 1715 2139 1781; x_wconf 89' lang='lat' dir='ltr'>nuncio</span> <span class='ocrx_word' id='word_1_95' title='bbox 2175 1719 2381 1780; x_wconf 90' lang='lat' dir='ltr'>vestro</span> <span class='ocrx_word' id='word_1_96' title='bbox 2423 1713 2658 1780; x_wconf 89' lang='lat' dir='ltr'>Thoma</span> <span class='ocrx_word' id='word_1_97' title='bbox 2700 1714 2996 1796; x_wconf 86' lang='lat' dir='ltr'>predicto,</span> <span class='ocrx_word' id='word_1_98' title='bbox 3040 1733 3151 1780; x_wconf 90' lang='lat' dir='ltr'>no-</span> 
     </span>
     <span class='ocr_line' id='line_1_14' title="bbox 812 1815 3147 1900; baseline 0 -16"><span class='ocrx_word' id='word_1_99' title='bbox 812 1825 1009 1884; x_wconf 89' lang='lat' dir='ltr'>stram</span> <span class='ocrx_word' id='word_1_100' title='bbox 1052 1818 1489 1899; x_wconf 84' lang='lat' dir='ltr'>ambaxiatam,</span> <span class='ocrx_word' id='word_1_101' title='bbox 1556 1819 1637 1884; x_wconf 85' lang='lat' dir='ltr'>ad</span> <span class='ocrx_word' id='word_1_102' title='bbox 1690 1822 2085 1900; x_wconf 89' lang='lat' dir='ltr'>conspectum</span> <span class='ocrx_word' id='word_1_103' title='bbox 2128 1821 2332 1884; x_wconf 66' lang='lat' dir='ltr'>vestre</span> <span class='ocrx_word' id='word_1_104' title='bbox 2385 1815 2769 1882; x_wconf 86' lang='lat' dir='ltr'>Excellentie</span> <span class='ocrx_word' id='word_1_105' title='bbox 2816 1817 3147 1898; x_wconf 88' lang='lat' dir='ltr'>destinare,</span> 
     </span>
     <span class='ocr_line' id='line_1_15' title="bbox 812 1919 2933 2005; baseline -0.001 -18"><span class='ocrx_word' id='word_1_106' title='bbox 812 1941 934 2005; x_wconf 90' lang='lat' dir='ltr'>que</span> <span class='ocrx_word' id='word_1_107' title='bbox 976 1923 1042 1986; x_wconf 91' lang='lat' dir='ltr'>in</span> <span class='ocrx_word' id='word_1_108' title='bbox 1083 1921 1276 2001; x_wconf 87' lang='lat' dir='ltr'>brevi,</span> <span class='ocrx_word' id='word_1_109' title='bbox 1321 1939 1461 1987; x_wconf 90' lang='lat' dir='ltr'>cum</span> <span class='ocrx_word' id='word_1_110' title='bbox 1502 1920 1669 1986; x_wconf 90' lang='lat' dir='ltr'>dicto</span> <span class='ocrx_word' id='word_1_111' title='bbox 1710 1919 1935 1986; x_wconf 88' lang='lat' dir='ltr'>nuncio</span> <span class='ocrx_word' id='word_1_112' title='bbox 1978 1924 2185 1986; x_wconf 82' lang='lat' dir='ltr'>vestro</span> <span class='ocrx_word' id='word_1_113' title='bbox 2227 1919 2306 1985; x_wconf 88' lang='lat' dir='ltr'>de</span> <span class='ocrx_word' id='word_1_114' title='bbox 2352 1919 2630 1986; x_wconf 88' lang='lat' dir='ltr'>Venetiis</span> <span class='ocrx_word' id='word_1_115' title='bbox 2671 1920 2933 1986; x_wconf 87' lang='lat' dir='ltr'>recedet.</span> 
     </span>
    </p>
   </div>
   <div class='ocr_carea' id='block_1_4' title="bbox 880 2054 2590 2213">
    <p class='ocr_par' dir='ltr' id='par_1_4' title="bbox 880 2054 2590 2213">
     <span class='ocr_line' id='line_1_16' title="bbox 1282 2054 2167 2112; baseline -0.001 -1"><span class='ocrx_word' id='word_1_116' title='bbox 1282 2056 1523 2111; x_wconf 75' lang='lat' dir='ltr'>Arcleim‘o</span> <span class='ocrx_word' id='word_1_117' title='bbox 1557 2054 1616 2110; x_wconf 77' lang='lat' dir='ltr'>di</span> <span class='ocrx_word' id='word_1_118' title='bbox 1648 2055 1801 2112; x_wconf 77' lang='lat' dir='ltr'>State</span> <span class='ocrx_word' id='word_1_119' title='bbox 1834 2057 1889 2109; x_wconf 76' lang='lat' dir='ltr'>in</span> <span class='ocrx_word' id='word_1_120' title='bbox 1933 2054 2167 2111; x_wconf 72' lang='lat' dir='ltr'>Veroezia.</span> 
     </span>
     <span class='ocr_line' id='line_1_17' title="bbox 880 2139 2590 2213; baseline -0.001 -16"><span class='ocrx_word' id='word_1_121' title='bbox 880 2140 1343 2213; x_wconf 87' lang='lat' dir='ltr'>(Deliberazioni</span> <span class='ocrx_word' id='word_1_122' title='bbox 1380 2140 1598 2197; x_wconf 86' lang='lat' dir='ltr'>Senato</span> <span class='ocrx_word' id='word_1_123' title='bbox 1635 2139 1889 2210; x_wconf 75' lang='lat' dir='ltr'>Secreto,</span> <span class='ocrx_word' id='word_1_124' title='bbox 1927 2139 2077 2210; x_wconf 85' lang='lat' dir='ltr'>Reg.</span> <span class='ocrx_word' id='word_1_125' title='bbox 2115 2141 2164 2210; x_wconf 82' lang='lat'>5,</span> <span class='ocrx_word' id='word_1_126' title='bbox 2201 2145 2364 2197; x_wconf 82' lang='lat' dir='ltr'>carte</span> <span class='ocrx_word' id='word_1_127' title='bbox 2405 2141 2466 2194; x_wconf 83' lang='lat'>12</span> <span class='ocrx_word' id='word_1_128' title='bbox 2499 2143 2590 2208; x_wconf 86' lang='lat' dir='ltr'>t⁰.)</span> 
     </span>
    </p>
   </div>
   <div class='ocr_carea' id='block_1_5' title="bbox 1519 2535 2448 2760">
    <p class='ocr_par' dir='ltr' id='par_1_5' title="bbox 1519 2535 2448 2760">
     <span class='ocr_line' id='line_1_18' title="bbox 1878 2535 2063 2613; baseline 0 -1"><span class='ocrx_word' id='word_1_129' title='bbox 1878 2535 2063 2613; x_wconf 84' lang='lat' dir='ltr'>XII.</span> 
     </span>
     <span class='ocr_line' id='line_1_19' title="bbox 1519 2673 2448 2760; baseline 0.002 -18"><span class='ocrx_word' id='word_1_130' title='bbox 1519 2673 1862 2755; x_wconf 71' lang='lat' dir='ltr'>MCGGCXU.</span> <span class='ocrx_word' id='word_1_131' title='bbox 1907 2676 2004 2743; x_wconf 78' lang='lat' dir='ltr'>die</span> <span class='ocrx_word' id='word_1_132' title='bbox 2045 2676 2176 2744; x_wconf 81' lang='lat' dir='ltr'>xw.</span> <span class='ocrx_word' id='word_1_133' title='bbox 2224 2677 2448 2760; x_wconf 67' lang='lat' dir='ltr'>Aprilis.</span> 
     </span>
    </p>
   </div>
   <div class='ocr_carea' id='block_1_6' title="bbox 806 2843 3142 3240">
    <p class='ocr_par' dir='ltr' id='par_1_6' title="bbox 808 2843 3142 3031">
     <span class='ocr_line' id='line_1_20' title="bbox 1014 2843 3142 2928; baseline 0.001 -17"><span class='ocrx_word' id='word_1_134' title='bbox 1014 2844 1191 2925; x_wconf 88' lang='lat' dir='ltr'>Quod</span> <span class='ocrx_word' id='word_1_135' title='bbox 1244 2843 1551 2912; x_wconf 85' lang='lat' dir='ltr'>scribatur</span> <span class='ocrx_word' id='word_1_136' title='bbox 1610 2845 2139 2913; x_wconf 86' lang='lat' dir='ltr'>ambaxiatoribus</span> <span class='ocrx_word' id='word_1_137' title='bbox 2203 2847 2436 2913; x_wconf 86' lang='lat' dir='ltr'>nostris</span> <span class='ocrx_word' id='word_1_138' title='bbox 2487 2846 2554 2912; x_wconf 91' lang='lat' dir='ltr'>in</span> <span class='ocrx_word' id='word_1_139' title='bbox 2613 2844 2900 2913; x_wconf 88' lang='lat' dir='ltr'>Romana</span> <span class='ocrx_word' id='word_1_140' title='bbox 2951 2848 3142 2928; x_wconf 85' lang='lat' dir='ltr'>curia,</span> 
     </span>
     <span class='ocr_line' id='line_1_21' title="bbox 808 2948 1643 3031; baseline 0.001 -17"><span class='ocrx_word' id='word_1_141' title='bbox 808 2950 873 3014; x_wconf 91' lang='lat' dir='ltr'>in</span> <span class='ocrx_word' id='word_1_142' title='bbox 916 2949 1034 3016; x_wconf 89' lang='lat' dir='ltr'>hac</span> <span class='ocrx_word' id='word_1_143' title='bbox 1076 2948 1295 3031; x_wconf 90' lang='lat' dir='ltr'>forma,</span> <span class='ocrx_word' id='word_1_144' title='bbox 1342 2950 1643 3017; x_wconf 88' lang='lat' dir='ltr'>videlicet.</span> 
     </span>
    </p>

    <p class='ocr_par' dir='ltr' id='par_1_7' title="bbox 806 3050 3142 3240">
     <span class='ocr_line' id='line_1_22' title="bbox 1010 3050 3142 3136; baseline 0 -19"><span class='ocrx_word' id='word_1_145' title='bbox 1010 3052 1226 3136; x_wconf 88' lang='lat' dir='ltr'>Nuper</span> <span class='ocrx_word' id='word_1_146' title='bbox 1282 3050 1725 3120; x_wconf 88' lang='lat' dir='ltr'>Serenissimus</span> <span class='ocrx_word' id='word_1_147' title='bbox 1789 3053 2078 3121; x_wconf 90' lang='lat' dir='ltr'>dominus</span> <span class='ocrx_word' id='word_1_148' title='bbox 2141 3054 2274 3119; x_wconf 88' lang='lat' dir='ltr'>Rex</span> <span class='ocrx_word' id='word_1_149' title='bbox 2339 3053 2594 3119; x_wconf 90' lang='lat' dir='ltr'>Polonie</span> <span class='ocrx_word' id='word_1_150' title='bbox 2644 3053 2818 3120; x_wconf 91' lang='lat' dir='ltr'>misit</span> <span class='ocrx_word' id='word_1_151' title='bbox 2883 3054 2966 3120; x_wconf 85' lang='lat' dir='ltr'>ad</span> <span class='ocrx_word' id='word_1_152' title='bbox 3022 3070 3142 3119; x_wconf 89' lang='lat' dir='ltr'>nos</span> 
     </span>
     <span class='ocr_line' id='line_1_23' title="bbox 806 3156 3142 3240; baseline -0 -18"><span class='ocrx_word' id='word_1_153' title='bbox 806 3157 1138 3237; x_wconf 83' lang='lat' dir='ltr'>quemdam</span> <span class='ocrx_word' id='word_1_154' title='bbox 1166 3156 1299 3222; x_wconf 90' lang='lat' dir='ltr'>eius</span> <span class='ocrx_word' id='word_1_155' title='bbox 1330 3157 1625 3224; x_wconf 89' lang='lat' dir='ltr'>nuncium</span> <span class='ocrx_word' id='word_1_156' title='bbox 1670 3162 1996 3238; x_wconf 88' lang='lat' dir='ltr'>secretum,</span> <span class='ocrx_word' id='word_1_157' title='bbox 2043 3177 2182 3225; x_wconf 89' lang='lat' dir='ltr'>cum</span> <span class='ocrx_word' id='word_1_158' title='bbox 2212 3157 2410 3223; x_wconf 89' lang='lat' dir='ltr'>literis</span> <span class='ocrx_word' id='word_1_159' title='bbox 2447 3158 2578 3223; x_wconf 91' lang='lat' dir='ltr'>suis</span> <span class='ocrx_word' id='word_1_160' title='bbox 2607 3158 2814 3240; x_wconf 85' lang='lat' dir='ltr'>regiis,</span> <span class='ocrx_word' id='word_1_161' title='bbox 2859 3156 3142 3222; x_wconf 87' lang='lat' dir='ltr'>faciendo</span> 
     </span>
    </p>
   </div>
   <div class='ocr_carea' id='block_1_7' title="bbox 800 3258 3140 4474">
    <p class='ocr_par' dir='ltr' id='par_1_8' title="bbox 800 3258 3140 4474">
     <span class='ocr_line' id='line_1_24' title="bbox 804 3258 3140 3343; baseline 0 -21"><span class='ocrx_word' id='word_1_162' title='bbox 804 3258 984 3324; x_wconf 90' lang='lat' dir='ltr'>nobis</span> <span class='ocrx_word' id='word_1_163' title='bbox 1026 3258 1381 3340; x_wconf 85' lang='lat' dir='ltr'>significari,</span> <span class='ocrx_word' id='word_1_164' title='bbox 1448 3262 1579 3325; x_wconf 87' lang='lat' dir='ltr'>tam</span> <span class='ocrx_word' id='word_1_165' title='bbox 1623 3264 1930 3342; x_wconf 80' lang='lat' dir='ltr'>oretenus,</span> <span class='ocrx_word' id='word_1_166' title='bbox 1986 3278 2172 3341; x_wconf 87' lang='lat' dir='ltr'>quam</span> <span class='ocrx_word' id='word_1_167' title='bbox 2224 3278 2337 3342; x_wconf 87' lang='lat' dir='ltr'>per</span> <span class='ocrx_word' id='word_1_168' title='bbox 2392 3260 2627 3341; x_wconf 79' lang='lat' dir='ltr'>literaS,</span> <span class='ocrx_word' id='word_1_169' title='bbox 2682 3260 2952 3343; x_wconf 87' lang='lat' dir='ltr'>qualiter</span> <span class='ocrx_word' id='word_1_170' title='bbox 2997 3276 3140 3324; x_wconf 91' lang='lat' dir='ltr'>con-</span> 
     </span>
     <span class='ocr_line' id='line_1_25' title="bbox 809 3359 3140 3442; baseline 0 -17"><span class='ocrx_word' id='word_1_171' title='bbox 809 3359 1020 3425; x_wconf 90' lang='lat' dir='ltr'>cordia</span> <span class='ocrx_word' id='word_1_172' title='bbox 1060 3364 1127 3425; x_wconf 91' lang='lat' dir='ltr'>et</span> <span class='ocrx_word' id='word_1_173' title='bbox 1168 3376 1290 3442; x_wconf 84' lang='lat' dir='ltr'>pax</span> <span class='ocrx_word' id='word_1_174' title='bbox 1334 3364 1551 3426; x_wconf 88' lang='lat' dir='ltr'>secuta</span> <span class='ocrx_word' id='word_1_175' title='bbox 1593 3366 1709 3442; x_wconf 88' lang='lat' dir='ltr'>est,</span> <span class='ocrx_word' id='word_1_176' title='bbox 1752 3362 1921 3427; x_wconf 86' lang='lat' dir='ltr'>inter</span> <span class='ocrx_word' id='word_1_177' title='bbox 1959 3362 2408 3428; x_wconf 87' lang='lat' dir='ltr'>Excellentiam</span> <span class='ocrx_word' id='word_1_178' title='bbox 2459 3380 2655 3442; x_wconf 85' lang='lat' dir='ltr'>suam,</span> <span class='ocrx_word' id='word_1_179' title='bbox 2701 3368 2767 3428; x_wconf 88' lang='lat' dir='ltr'>et</span> <span class='ocrx_word' id='word_1_180' title='bbox 2810 3360 3140 3428; x_wconf 88' lang='lat' dir='ltr'>Serenissi-</span> 
     </span>
     <span class='ocr_line' id='line_1_26' title="bbox 804 3452 3136 3547; baseline -0 -19"><span class='ocrx_word' id='word_1_181' title='bbox 804 3482 973 3529; x_wconf 91' lang='lat' dir='ltr'>mum</span> <span class='ocrx_word' id='word_1_182' title='bbox 1016 3462 1336 3528; x_wconf 91' lang='lat' dir='ltr'>dominum</span> <span class='ocrx_word' id='word_1_183' title='bbox 1378 3463 1609 3547; x_wconf 82' lang='lat' dir='ltr'>Regem</span> <span class='ocrx_word' id='word_1_184' title='bbox 1653 3452 1990 3547; x_wconf 86' lang='lat' dir='ltr'>Hungarie.</span> <span class='ocrx_word' id='word_1_185' title='bbox 2066 3464 2152 3530; x_wconf 89' lang='lat' dir='ltr'>Et</span> <span class='ocrx_word' id='word_1_186' title='bbox 2195 3466 2361 3547; x_wconf 90' lang='lat' dir='ltr'>quod</span> <span class='ocrx_word' id='word_1_187' title='bbox 2406 3463 2591 3531; x_wconf 90' lang='lat' dir='ltr'>ambo</span> <span class='ocrx_word' id='word_1_188' title='bbox 2632 3464 2836 3547; x_wconf 86' lang='lat' dir='ltr'>Reges</span> <span class='ocrx_word' id='word_1_189' title='bbox 2871 3462 3136 3547; x_wconf 87' lang='lat' dir='ltr'>predicti</span> 
     </span>
     <span class='ocr_line' id='line_1_27' title="bbox 808 3564 3140 3650; baseline 0.001 -21"><span class='ocrx_word' id='word_1_190' title='bbox 808 3564 1244 3647; x_wconf 86' lang='lat' dir='ltr'>equitaveraut</span> <span class='ocrx_word' id='word_1_191' title='bbox 1288 3564 1651 3632; x_wconf 86' lang='lat' dir='ltr'>Cassoniam</span> <span class='ocrx_word' id='word_1_192' title='bbox 1686 3566 1751 3631; x_wconf 89' lang='lat' dir='ltr'>in</span> <span class='ocrx_word' id='word_1_193' title='bbox 1796 3566 2180 3633; x_wconf 86' lang='lat' dir='ltr'>territorium</span> <span class='ocrx_word' id='word_1_194' title='bbox 2225 3566 2563 3650; x_wconf 87' lang='lat' dir='ltr'>Huugarie,</span> <span class='ocrx_word' id='word_1_195' title='bbox 2623 3573 2690 3633; x_wconf 89' lang='lat' dir='ltr'>et</span> <span class='ocrx_word' id='word_1_196' title='bbox 2731 3568 2954 3635; x_wconf 88' lang='lat' dir='ltr'>deinde</span> <span class='ocrx_word' id='word_1_197' title='bbox 3011 3566 3140 3632; x_wconf 92' lang='lat' dir='ltr'>Bu-</span> 
     </span>
     <span class='ocr_line' id='line_1_28' title="bbox 805 3667 3140 3754; baseline -0 -20"><span class='ocrx_word' id='word_1_198' title='bbox 805 3669 951 3734; x_wconf 85' lang='lat' dir='ltr'>dam</span> <span class='ocrx_word' id='word_1_199' title='bbox 992 3668 1277 3751; x_wconf 88' lang='lat' dir='ltr'>equitare</span> <span class='ocrx_word' id='word_1_200' title='bbox 1319 3667 1645 3735; x_wconf 87' lang='lat' dir='ltr'>debebant.</span> <span class='ocrx_word' id='word_1_201' title='bbox 1733 3669 1821 3735; x_wconf 88' lang='lat' dir='ltr'>Et</span> <span class='ocrx_word' id='word_1_202' title='bbox 1862 3670 2012 3752; x_wconf 85' lang='lat' dir='ltr'>quia</span> <span class='ocrx_word' id='word_1_203' title='bbox 2047 3670 2312 3737; x_wconf 89' lang='lat' dir='ltr'>libenter</span> <span class='ocrx_word' id='word_1_204' title='bbox 2353 3672 2778 3754; x_wconf 86' lang='lat' dir='ltr'>interponeret</span> <span class='ocrx_word' id='word_1_205' title='bbox 2833 3688 2919 3751; x_wconf 88' lang='lat' dir='ltr'>se,</span> <span class='ocrx_word' id='word_1_206' title='bbox 2974 3669 3140 3733; x_wconf 89' lang='lat' dir='ltr'>inter</span> 
     </span>
     <span class='ocr_line' id='line_1_29' title="bbox 806 3770 3138 3855; baseline 0 -18"><span class='ocrx_word' id='word_1_207' title='bbox 806 3772 1009 3855; x_wconf 88' lang='lat' dir='ltr'>ipsum</span> <span class='ocrx_word' id='word_1_208' title='bbox 1066 3771 1385 3836; x_wconf 90' lang='lat' dir='ltr'>dominum</span> <span class='ocrx_word' id='word_1_209' title='bbox 1436 3770 1665 3853; x_wconf 86' lang='lat' dir='ltr'>Regem</span> <span class='ocrx_word' id='word_1_210' title='bbox 1708 3770 2050 3854; x_wconf 86' lang='lat' dir='ltr'>Hungarie,</span> <span class='ocrx_word' id='word_1_211' title='bbox 2119 3776 2186 3838; x_wconf 89' lang='lat' dir='ltr'>et</span> <span class='ocrx_word' id='word_1_212' title='bbox 2242 3777 2526 3838; x_wconf 89' lang='lat' dir='ltr'>nostrum</span> <span class='ocrx_word' id='word_1_213' title='bbox 2568 3773 2931 3853; x_wconf 90' lang='lat' dir='ltr'>dominium,</span> <span class='ocrx_word' id='word_1_214' title='bbox 2976 3771 3138 3838; x_wconf 87' lang='lat' dir='ltr'>vele-</span> 
     </span>
     <span class='ocr_line' id='line_1_30' title="bbox 802 3872 3139 3961; baseline 0.001 -23"><span class='ocrx_word' id='word_1_215' title='bbox 802 3892 942 3939; x_wconf 91' lang='lat' dir='ltr'>mus</span> <span class='ocrx_word' id='word_1_216' title='bbox 984 3872 1273 3956; x_wconf 89' lang='lat' dir='ltr'>apperire</span> <span class='ocrx_word' id='word_1_217' title='bbox 1314 3872 1433 3939; x_wconf 91' lang='lat' dir='ltr'>sibi</span> <span class='ocrx_word' id='word_1_218' title='bbox 1475 3878 1745 3941; x_wconf 85' lang='lat' dir='ltr'>mentem</span> <span class='ocrx_word' id='word_1_219' title='bbox 1785 3881 2086 3957; x_wconf 86' lang='lat' dir='ltr'>nostram,</span> <span class='ocrx_word' id='word_1_220' title='bbox 2155 3876 2209 3942; x_wconf 94' lang='lat' dir='ltr'>si</span> <span class='ocrx_word' id='word_1_221' title='bbox 2253 3894 2466 3941; x_wconf 91' lang='lat' dir='ltr'>sumus</span> <span class='ocrx_word' id='word_1_222' title='bbox 2525 3878 2800 3944; x_wconf 90' lang='lat' dir='ltr'>contenti</span> <span class='ocrx_word' id='word_1_223' title='bbox 2860 3876 3027 3961; x_wconf 89' lang='lat' dir='ltr'>quod</span> <span class='ocrx_word' id='word_1_224' title='bbox 3070 3894 3139 3941; x_wconf 91' lang='lat' dir='ltr'>se</span> 
     </span>
     <span class='ocr_line' id='line_1_31' title="bbox 804 3976 3135 4063; baseline 0.001 -21"><span class='ocrx_word' id='word_1_225' title='bbox 804 3977 1179 4059; x_wconf 87' lang='lat' dir='ltr'>interponat,</span> <span class='ocrx_word' id='word_1_226' title='bbox 1228 3977 1460 4061; x_wconf 88' lang='lat' dir='ltr'>requiri</span> <span class='ocrx_word' id='word_1_227' title='bbox 1502 3976 1782 4045; x_wconf 89' lang='lat' dir='ltr'>faciendo</span> <span class='ocrx_word' id='word_1_228' title='bbox 1843 3997 1977 4060; x_wconf 78' lang='lat' dir='ltr'>noS,</span> <span class='ocrx_word' id='word_1_229' title='bbox 2032 3979 2110 4045; x_wconf 90' lang='lat' dir='ltr'>de</span> <span class='ocrx_word' id='word_1_230' title='bbox 2164 3978 2458 4045; x_wconf 88' lang='lat' dir='ltr'>missione</span> <span class='ocrx_word' id='word_1_231' title='bbox 2514 3985 2728 4045; x_wconf 87' lang='lat' dir='ltr'>nostre</span> <span class='ocrx_word' id='word_1_232' title='bbox 2789 3978 3135 4063; x_wconf 80' lang='lat' dir='ltr'>legationiS,</span> 
     </span>
     <span class='ocr_line' id='line_1_32' title="bbox 800 4079 3138 4166; baseline 0.002 -22"><span class='ocrx_word' id='word_1_233' title='bbox 800 4098 915 4161; x_wconf 92' lang='lat' dir='ltr'>pro</span> <span class='ocrx_word' id='word_1_234' title='bbox 958 4098 1082 4163; x_wconf 86' lang='lat' dir='ltr'>qua</span> <span class='ocrx_word' id='word_1_235' title='bbox 1126 4079 1266 4145; x_wconf 91' lang='lat' dir='ltr'>misi</span> <span class='ocrx_word' id='word_1_236' title='bbox 1309 4084 1374 4145; x_wconf 92' lang='lat' dir='ltr'>et</span> <span class='ocrx_word' id='word_1_237' title='bbox 1412 4080 1580 4146; x_wconf 89' lang='lat' dir='ltr'>mitti</span> <span class='ocrx_word' id='word_1_238' title='bbox 1624 4080 1772 4147; x_wconf 87' lang='lat' dir='ltr'>fecit</span> <span class='ocrx_word' id='word_1_239' title='bbox 1811 4082 2030 4148; x_wconf 87' lang='lat' dir='ltr'>literas</span> <span class='ocrx_word' id='word_1_240' title='bbox 2072 4080 2575 4149; x_wconf 85' lang='lat' dir='ltr'>salviconductus</span> <span class='ocrx_word' id='word_1_241' title='bbox 2619 4082 2946 4166; x_wconf 88' lang='lat' dir='ltr'>utriusque</span> <span class='ocrx_word' id='word_1_242' title='bbox 2973 4082 3138 4164; x_wconf 89' lang='lat' dir='ltr'>ipso-</span> 
     </span>
     <span class='ocr_line' id='line_1_33' title="bbox 802 4182 3136 4266; baseline 0.001 -20"><span class='ocrx_word' id='word_1_243' title='bbox 802 4202 940 4247; x_wconf 90' lang='lat' dir='ltr'>rum</span> <span class='ocrx_word' id='word_1_244' title='bbox 984 4182 1240 4266; x_wconf 88' lang='lat' dir='ltr'>Regum,</span> <span class='ocrx_word' id='word_1_245' title='bbox 1287 4202 1399 4266; x_wconf 89' lang='lat' dir='ltr'>pro</span> <span class='ocrx_word' id='word_1_246' title='bbox 1444 4202 1659 4250; x_wconf 89' lang='lat' dir='ltr'>securo</span> <span class='ocrx_word' id='word_1_247' title='bbox 1699 4185 1972 4251; x_wconf 86' lang='lat' dir='ltr'>transitu</span> <span class='ocrx_word' id='word_1_248' title='bbox 2026 4189 2382 4251; x_wconf 90' lang='lat' dir='ltr'>nostrorum</span> <span class='ocrx_word' id='word_1_249' title='bbox 2436 4184 2948 4266; x_wconf 84' lang='lat' dir='ltr'>ambaxiatorum,</span> <span class='ocrx_word' id='word_1_250' title='bbox 3011 4186 3136 4251; x_wconf 89' lang='lat' dir='ltr'>cla-</span> 
     </span>
     <span class='ocr_line' id='line_1_34' title="bbox 802 4286 3134 4369; baseline 0 -19"><span class='ocrx_word' id='word_1_251' title='bbox 802 4286 1096 4352; x_wconf 86' lang='lat' dir='ltr'>rificando</span> <span class='ocrx_word' id='word_1_252' title='bbox 1141 4304 1275 4367; x_wconf 76' lang='lat' dir='ltr'>n08,</span> <span class='ocrx_word' id='word_1_253' title='bbox 1324 4287 1490 4369; x_wconf 89' lang='lat' dir='ltr'>quod</span> <span class='ocrx_word' id='word_1_254' title='bbox 1532 4286 1597 4351; x_wconf 90' lang='lat' dir='ltr'>in</span> <span class='ocrx_word' id='word_1_255' title='bbox 1626 4286 1725 4353; x_wconf 89' lang='lat' dir='ltr'>his</span> <span class='ocrx_word' id='word_1_256' title='bbox 1766 4288 1958 4354; x_wconf 87' lang='lat' dir='ltr'>habet</span> <span class='ocrx_word' id='word_1_257' title='bbox 1999 4306 2320 4354; x_wconf 85' lang='lat' dir='ltr'>assensum</span> <span class='ocrx_word' id='word_1_258' title='bbox 2365 4293 2431 4353; x_wconf 91' lang='lat' dir='ltr'>et</span> <span class='ocrx_word' id='word_1_259' title='bbox 2469 4289 2856 4354; x_wconf 88' lang='lat' dir='ltr'>voluntatem</span> <span class='ocrx_word' id='word_1_260' title='bbox 2901 4286 3134 4353; x_wconf 86' lang='lat' dir='ltr'>domini</span> 
     </span>
     <span class='ocr_line' id='line_1_35' title="bbox 800 4387 3138 4474; baseline 0.001 -23"><span class='ocrx_word' id='word_1_261' title='bbox 800 4387 987 4471; x_wconf 87' lang='lat' dir='ltr'>Regis</span> <span class='ocrx_word' id='word_1_262' title='bbox 1028 4388 1373 4471; x_wconf 87' lang='lat' dir='ltr'>Hungarie.</span> <span class='ocrx_word' id='word_1_263' title='bbox 1464 4390 1722 4471; x_wconf 80' lang='lat' dir='ltr'>Idcir00‚</span> <span class='ocrx_word' id='word_1_264' title='bbox 1768 4390 2174 4456; x_wconf 82' lang='lat' dir='ltr'>consideratis</span> <span class='ocrx_word' id='word_1_265' title='bbox 2215 4390 2501 4457; x_wconf 87' lang='lat' dir='ltr'>omnibus</span> <span class='ocrx_word' id='word_1_266' title='bbox 2542 4391 2856 4474; x_wconf 86' lang='lat' dir='ltr'>predictis,</span> <span class='ocrx_word' id='word_1_267' title='bbox 2901 4394 2966 4455; x_wconf 89' lang='lat' dir='ltr'>et</span> <span class='ocrx_word' id='word_1_268' title='bbox 3005 4407 3138 4454; x_wconf 83' lang='lat' dir='ltr'>ma·</span> 
     </span>
    </p>
   </div>
  </div>
 </body>
</html>
