3793 5187
1828 447 1909 509 33

699 649 848 718 beat
890 651 1165 736 vigorem
1208 655 1274 717 et
1314 649 1706 734 intelligatur
1755 649 1981 717 debere
2034 647 2317 732 promitti
2382 649 2705 716 occasione
2762 646 3038 732 recogni-

699 754 891 821 tionis
935 759 1244 820 terrarum
1287 759 1353 820 et
1393 753 1670 820 locorum
1714 772 1755 819 a
1796 759 1978 836 parte
2028 757 2195 819 terre
2248 753 2693 835 pertinentium
2735 752 2815 818 ad
2851 753 3041 836 juris-

701 858 1004 924 ditionem
1045 857 1317 940 Imperii,
1380 861 1446 923 et
1498 858 1664 938 quod
1714 857 2043 940 promissio
2094 857 2513 940 predictarum
2573 856 2891 940 galearum
2956 858 3041 921 sit

703 962 906 1028 solum
949 977 1064 1044 pro
1107 979 1236 1026 una
1274 960 1408 1026 vice
1443 964 1691 1026 tantum
1727 966 1794 1026 et
1834 979 1948 1044 per
1986 966 2232 1044 tempus
2272 960 2576 1027 mensium
2618 979 2743 1028 sex.

903 1063 992 1130 Et
1049 1064 1105 1130 si
1155 1081 1282 1130 non
1336 1064 1602 1146 possetis
1667 1063 1955 1130 devenire
2014 1064 2094 1129 ad
2152 1063 2607 1130 conclusionem
2666 1081 2779 1146 per
2817 1063 3035 1130 modos

699 1166 1090 1252 specificatos
1126 1167 1193 1232 in
1236 1167 1374 1250 ipsa
1403 1167 1848 1248 commissione,
1892 1167 2063 1233 facta
2104 1185 2218 1250 per
2260 1185 2370 1234 vos
2414 1166 2582 1234 omni
2622 1165 2902 1250 possibili
2934 1185 3039 1232 ex-

700 1268 1026 1353 perientia,
1078 1269 1362 1337 volumus
1409 1269 1571 1336 hanc
1614 1287 1748 1336 esse
1791 1273 2070 1335 nostram
2128 1267 2379 1336 finalem
2422 1267 2827 1334 intentionem
2866 1268 3037 1334 vide-

699 1373 850 1439 licet
907 1373 1076 1456 quod
1135 1372 1407 1440 dimissis
1466 1372 1644 1438 nobis
1706 1372 1961 1438 civitate
2024 1371 2067 1437 J
2066 1373 2216 1438 adre
2270 1375 2336 1438 et
2390 1370 2674 1437 omnibus
2730 1371 2915 1437 terris
2975 1375 3041 1437 et

700 1475 854 1542 locis
905 1493 1062 1558 quas
1105 1479 1172 1542 et
1213 1493 1334 1558 que
1377 1477 1659 1540 tenemus
1689 1480 1754 1540 et
1781 1474 2168 1558 possidemus
2204 1473 2286 1540 ad
2324 1493 2577 1557 presens
2605 1475 2671 1539 in
2699 1473 3037 1555 Dalmatia,

703 1597 842 1646 cum
877 1579 1142 1664 juribus,
1183 1578 1738 1662 jurisdictionibuS,
1784 1579 2181 1661 pertinentiis
2228 1583 2343 1645 etc.
2390 1579 2562 1644 salvo
2606 1578 2767 1662 quod
2800 1578 2877 1643 de
2904 1581 3039 1643 tur-

703 1681 877 1748 ribus
921 1681 1191 1748 Sibenici
1236 1682 1489 1765 possitis
1532 1683 1861 1765 disponere
1898 1683 2234 1749 secundum
2262 1683 2429 1766 quod
2464 1681 2685 1749 melius
2714 1681 3039 1765 apparebit

706 1802 888 1868 posse
925 1785 1104 1868 sequi
1140 1784 1206 1849 in
1244 1789 1522 1851 tractatu
1561 1790 1627 1851 et
1672 1785 1917 1868 pratica
1943 1785 2272 1866 concordii,
2316 1802 2432 1851 nec
2473 1803 2599 1850 non
2641 1785 2830 1850 etiam
2860 1784 3042 1850 resti-

701 1889 934 1954 tuendo
980 1894 1182 1953 terras
1223 1892 1289 1953 et
1329 1889 1466 1954 loca
1507 1907 1630 1970 que
1670 1886 1850 1954 nobis
1894 1887 2107 1954 ablata
2142 1887 2399 1954 fuerunt
2440 1892 2506 1954 et
2534 1906 2691 1970 quas
2720 1888 3039 1954 amisimus

708 1991 772 2056 in
817 1991 1135 2058 tervisana
1177 1996 1244 2057 et
1285 1995 1627 2072 cenetense,
1672 1993 1884 2057 Feltro
1928 1996 1996 2057 et
2042 1991 2359 2073 Cividado,
2409 2009 2485 2058 ac
2528 1991 2946 2058 confirmando
2975 1991 3041 2056 in

701 2092 954 2161 feudum
1021 2094 1307 2161 civitates
1367 2099 1432 2160 et
1483 2099 1685 2160 terras
1746 2112 1903 2176 quas
1968 2099 2249 2160 tenemus
2307 2095 2694 2177 pertinentes
2736 2093 2818 2160 ad
2854 2093 3044 2177 juris-

703 2198 1037 2264 dictionem
1081 2198 1334 2282 Imperii
1376 2199 1442 2264 in
1484 2197 1770 2280 partibus
1810 2197 2184 2264 Lombardie
2225 2197 2510 2264 habeatis
2564 2198 2811 2280 plenam
2854 2195 3039 2261 liber-

704 2304 918 2381 tatem,
964 2300 1293 2367 arbitrium
1323 2306 1388 2367 et
1411 2301 1813 2367 autoritatem
1852 2300 1919 2365 in
1961 2299 2430 2384 quibuscunque
2468 2305 2534 2366 et
2571 2299 2856 2367 omnibus
2903 2299 3043 2363 aliis

704 2402 910 2484 rebuS,
956 2403 1358 2486 intelligendo
1410 2404 1488 2470 de
1531 2403 1985 2486 pertinentibus
2026 2404 2105 2469 ad
2144 2403 2375 2470 dictam
2425 2403 2771 2483 materiam,
2828 2420 3043 2466 secun-

703 2505 852 2572 dum
894 2502 1059 2588 quod
1103 2505 1426 2587 sapientiis
1467 2507 1692 2573 vestris
1733 2507 1955 2572 melius
1997 2506 2309 2572 videbitur
2351 2525 2427 2572 ac
2471 2504 2881 2590 cognoveritis
2910 2502 3042 2570 fore

703 2608 782 2675 de
824 2608 992 2691 pluri
1027 2609 1259 2675 honore
1301 2610 1500 2676 nostri
1529 2610 1804 2691 dominii,
1850 2613 1917 2675 et
1958 2610 2183 2675 minori
2225 2627 2496 2692 expensa
2532 2613 2783 2691 nostra;
2824 2610 2889 2674 in
2921 2627 3043 2691 quo

704 2710 870 2777 facto
915 2708 1195 2777 debeatis
1253 2712 1578 2778 advertere
1627 2712 1959 2795 diligenter
2016 2710 2183 2795 quod
2233 2730 2334 2777 res
2394 2729 2519 2778 non
2562 2711 2691 2777 sint
2734 2711 3043 2777 excessive

707 2832 846 2879 cum
889 2813 1165 2896 periculo
1209 2818 1415 2880 status
1458 2816 1676 2880 nostri.
1751 2815 2105 2881 Predictam
2148 2821 2359 2881 autem
2385 2814 2741 2880 libertatem
2771 2818 2836 2879 et
2864 2818 3044 2879 auto-

703 2916 958 2982 ritatem
1000 2916 1175 2982 vobis
1236 2917 1458 2983 damus
1511 2917 1578 2982 in
1637 2935 1784 2983 casu
1842 2936 1965 3000 quo
2026 2936 2135 2983 vos
2184 2916 2367 2983 ambo
2408 2915 2863 2982 ambaxiatores
2908 2916 3045 2981 sitis

705 3020 1064 3099 concordes3
1111 3018 1168 3084 si
1203 3023 1415 3085 autem
1445 3020 1666 3086 essetis
1693 3020 2050 3087 differentes
2091 3021 2156 3085 in
2182 3019 2486 3103 opinione,
2529 3018 2807 3085 debeatis
2836 3018 3043 3083 subito

705 3120 883 3188 nobis
913 3121 1263 3205 significare
1300 3123 1509 3189 omnia
1549 3129 1764 3191 secuta
1807 3129 1873 3189 et
1910 3124 2152 3205 pratica
2192 3141 2266 3188 ac
2307 3122 2719 3190 differentiam
2746 3127 3040 3201 vestram,

704 3229 780 3291 ut
820 3226 1132 3307 possimus
1172 3225 1348 3292 vobis
1390 3231 1601 3309 presto
1644 3228 1943 3293 denotare
1986 3229 2256 3292 mentem
2299 3230 2367 3291 et
2405 3224 2815 3290 intentionem
2845 3224 3043 3291 nostri

706 3327 980 3394 dominii.

909 3430 1079 3497 Bene
1119 3432 1520 3498 recordamur
1561 3430 1736 3497 vobis
1777 3432 1944 3514 quod
1986 3450 2098 3514 per
2141 3433 2465 3498 adversam
2505 3435 2748 3513 partem
2792 3435 3047 3514 possent

705 3532 881 3600 vobis
939 3533 1076 3599 fieri
1139 3534 1350 3618 alique
1409 3534 1748 3618 peticiones
1809 3538 1875 3599 et
1934 3535 2369 3617 requisitiones
2434 3538 2680 3599 tantum
2740 3533 3047 3599 exc-essive

705 3637 874 3719 quod
915 3655 1040 3702 non
1084 3638 1400 3705 videretur
1440 3638 1615 3705 vobis
1677 3638 1804 3704 ullo
1864 3640 2048 3704 modo
2104 3636 2529 3722 exequendum
2583 3638 2663 3702 ad
2707 3639 3046 3701 tractatum

706 3739 1117 3807 conclusionis
1160 3741 1332 3822 pacis
1362 3759 1500 3807 cum
1533 3740 1764 3807 talibus
1796 3740 2125 3808 excessivis
2161 3740 2363 3823 pactis
2405 3744 2471 3805 et
2509 3737 2935 3822 petitionibus
2982 3742 3047 3803 et

705 3847 1156 3926 proponeretur
1211 3842 1386 3909 vobis
1447 3844 1578 3911 sive
1635 3844 1951 3911 videretur
2012 3843 2185 3909 vobis
2244 3841 2679 3928 proponendus
2738 3844 3047 3905 tractatus

707 3949 986 4028 treugue,
1033 3964 1247 4012 sumus
1277 3947 1553 4012 contenti
1583 3946 1748 4029 quod
1779 3946 2123 4029 procuretis
2153 3947 2407 4025 intrare,
2452 3943 2656 4011 facere
2692 3946 2758 4008 et
2802 3942 3045 4008 conclu-

707 4046 852 4113 dere
915 4053 1240 4132 treuguam
1298 4066 1410 4131 per
1461 4054 1707 4132 tempus
1751 4068 1938 4132 quam
1983 4050 2223 4132 longius
2267 4047 2573 4131 poteritis,
2630 4045 2795 4128 quod
2839 4044 3045 4109 videre

707 4156 923 4217 nostro
984 4169 1110 4217 non
1159 4150 1348 4217 vellet
1411 4170 1546 4218 esse
1596 4151 1679 4216 ad
1722 4152 1927 4217 minus
1976 4170 2279 4217 annorum
2322 4150 2459 4216 XV.
2527 4150 2619 4214 Ac
2662 4147 3045 4213 restituendo

705 4252 886 4319 nobis
928 4257 1131 4320 terras
1160 4258 1226 4319 et
1253 4254 1392 4320 loca
1433 4254 1610 4320 nobis
1651 4254 1879 4334 ablata,
1926 4259 1991 4318 et
2036 4272 2157 4335 que
2193 4252 2575 4319 ammisimus
2614 4250 2681 4316 in
2714 4249 3043 4329 tervisana,

707 4360 1048 4437 cenetense,
1109 4356 1322 4423 Feltro
1367 4360 1432 4423 et
1475 4356 1772 4423 Cividado
1813 4374 1888 4422 ac
1926 4356 2236 4423 reddendo
2290 4374 2407 4421 nos
2450 4354 2569 4422 sibi
2615 4358 2825 4419 turres
2869 4350 3041 4419 Sibe·

2636 4472 2671 4529 3
