3793 5187
1782 460 2135 557 *78—

776 663 1003 728 vestris
1042 662 1107 728 in
1151 662 1344 730 solita
1385 663 1670 730 amicicia
1717 669 1782 730 et
1822 664 2247 730 benivolentia
2311 681 2749 745 perseverare,
2815 683 2939 730 non
2984 663 3098 730 ob-

775 766 1083 832 stantibus
1129 765 1268 830 aliis
1313 765 1514 830 literis
1545 767 1778 832 nostris
1809 765 2271 847 Magnificentie
2305 767 2536 832 Vestre
2571 768 2827 849 scriptis
2862 766 3097 832 delibe-

775 869 1050 934 ravimus
1115 869 1374 949 propter
1443 868 1602 933 hanc
1667 887 1892 932 novam
1939 868 2219 934 habitam
2266 868 2773 934 informationem
2818 869 2896 934 de
2940 869 3097 934 locis

773 972 1074 1052 predictis
1120 972 1326 1052 polize
1371 976 1435 1036 et
1482 972 1794 1049 dalmisse,
1865 971 1996 1034 Nos
2056 971 2414 1036 nullatenus
2468 973 2793 1053 impedire,
2853 972 2980 1036 imo
3024 991 3099 1036 ea

773 1073 1092 1139 dimittere
1148 1092 1285 1138 cum
1343 1073 1524 1140 nobis
1594 1074 1882 1152 sufficiat,
1952 1075 2121 1154 quod
2182 1075 2261 1138 de
2318 1074 2603 1140 manibus
2648 1074 2848 1140 hostis
2894 1073 3098 1138 nostri

776 1177 1063 1255 exierint,
1131 1176 1218 1240 Et
1278 1176 1372 1239 ita
1417 1177 1844 1258 inopportuna
1910 1175 2110 1240 forma
2154 1175 2517 1256 scripsimus
2562 1180 2627 1240 et
2666 1174 3095 1240 mandavimus

777 1279 1002 1343 Comiti
1045 1283 1262 1343 nostro
1331 1278 1593 1360 Spaleti,
1660 1279 1738 1342 de
1790 1297 1911 1358 quo
1962 1278 2255 1342 Vestram
2317 1276 2849 1360 Magnificentiam
2914 1277 3094 1342 duxi-

771 1399 908 1445 mus
961 1379 1432 1458 informandam,
1501 1385 1574 1444 ut
1625 1387 1894 1444 mentem
1966 1389 2028 1444 et
2082 1381 2383 1461 optimam
2448 1380 2921 1462 dispositionem
2985 1399 3095 1445 no—

772 1489 970 1548 stram
1012 1482 1342 1564 intelligat.

1071 1603 1173 1667 De
1215 1607 1400 1683 parte
1621 1605 1678 1667 9.

1073 1705 1171 1769 De
1209 1723 1334 1769 non
1575 1706 1654 1768 37
1677 1740 1763 1750 —
1787 1706 1888 1769 52.

1073 1806 1217 1871 Non
1259 1807 1488 1871 sinceri
1619 1809 1657 1870 2
1681 1843 1764 1852 -
1788 1809 1846 1870 2.

1071 1940 1334 2007 (Archivio
1370 1940 1428 1994 di
1460 1941 1608 1995 Staio
1645 1944 1696 1994 in
1746 1939 1986 2004 Venetia,

765 2025 1205 2083 Deliberazioni
1243 2027 1460 2083 Senato
1502 2027 1740 2082 Secreti.
1776 2039 1931 2096 rego·
1967 2027 2033 2080 16
2058 2043 2105 2080 c.
2141 2025 2248 2094 64.)

1675 2182 1860 2198 mm&

1683 2299 2145 2375 XXXVIII.

1443 2436 1873 2506 ΜῦῦῦῦΧιΙΙΙΙ.
1922 2436 2018 2503 die
2065 2438 2147 2502 ΙΙΙ.
2192 2436 2400 2502 Martii.

967 2607 1120 2673 Cum
1169 2607 1327 2672 alias
1375 2614 1624 2689 captum
1669 2606 1862 2671 fuerit
1906 2608 1971 2671 in
2013 2606 2135 2671 hoc
2182 2606 2459 2685 consili0,
2512 2605 2681 2687 quod
2724 2605 3087 2670 mitteretur

763 2728 924 2775 unus
968 2714 1186 2775 noster
1245 2711 1622 2775 secretarius
1667 2710 1744 2774 ad
1795 2709 2405 2773 Reverendissimum
2475 2708 2793 2773 dominum
2866 2707 3087 2773 Cardi-

759 2811 967 2876 nalem
1009 2811 1210 2877 sancti
1247 2811 1471 2893 Angeli
1517 2816 1580 2875 et
1625 2811 2106 2875 Sei-cnissimum
2152 2810 2470 2875 dominum
2512 2810 2755 2891 Regem
2797 2808 3078 2888 Polonie,

761 2903 1234 2995 qui'hucusque
1299 2913 1626 2991 expeditus
1687 2931 1810 2978 non
1873 2912 2011 2991 fuit,
2075 2912 2162 2977 Et
2220 2912 2449 2993 prefati
2498 2910 3083 2977 Reverendissimus

759 3017 1046 3082 dominus
1113 3015 1462 3081 Cardinalis
1523 3023 1588 3081 et
1643 3016 2093 3081 Serenissimus
2156 3015 2441 3081 dominus
2508 3016 2645 3079 Rex
2689 3014 2976 3079 venerint
3020 3014 3084 3077 in

757 3118 1168 3200 Hungariam,
1215 3118 1300 3182 Et
1328 3117 1558 3183 bonum
1604 3138 1678 3183 ac
1725 3119 2098 3183 conveniens
2144 3119 2227 3183 sit
2256 3118 2611 3198 intelligere
2656 3115 2901 3197 agenda
2942 3114 3083 3193 i11a;

758 3221 952 3285 Vadit
993 3239 1144 3302 pars
1187 3220 1354 3301 quod
1400 3220 1604 3286 dictus
1649 3222 2027 3285 secretarius
2072 3226 2288 3285 noster
2346 3218 2719 3301 expediatur
2764 3222 2829 3282 et
2870 3217 3082 3281 mitta·

756 3328 860 3388 tur
899 3324 966 3387 in
1010 3322 1400 3403 Hungariam
1445 3322 1523 3386 ad
1569 3322 1915 3402 prelibatos
1961 3322 2244 3386 dominos
2292 3320 2689 3385 Cardinalem
2731 3326 2794 3383 et
2822 3319 3081 3402 Regem,

760 3443 899 3491 cum
947 3424 1056 3489 illa
1098 3425 1550 3501 commissione,
1593 3442 1714 3503 que
1759 3423 1878 3489 sibi
1926 3424 2179 3489 dabitur
2223 3442 2337 3504 per
2380 3422 2499 3487 hoc
2546 3421 2890 3487 consilium.

1059 3545 1157 3609 De
1204 3548 1386 3625 parte
1527 3544 1665 3607 101.

1055 3648 1155 3712 De
1196 3665 1322 3712 non
1605 3648 1661 3711 3.

1057 3750 1202 3816 Non
1246 3749 1474 3815 sinceri
1606 3754 1660 3813 1.

954 3885 1216 3957 (Archive’o
1251 3884 1310 3939 di
1342 3885 1440 3939 Sta
1448 3890 1498 3940 lo
1545 3884 1787 3947 Venetia,

876 3973 1094 4029 Senato
1135 3973 1374 4041 secreti,
1409 3990 1534 4045 reg.
1571 3972 1638 4027 16
1675 3988 1720 4026 c.
1755 3969 1865 4040 72.)

1659 4180 1863 4193 'ussa-&⁴5
1891 4184 1911 4193 ὴ
