3793 5187
1934 453 2014 528 156

806 685 990 754 quem
1033 667 1302 735 intendit
1343 667 1606 733 batizari
1669 666 1870 734 facere
1913 669 1977 734 in
2022 670 2327 735 dominica
2372 669 2775 752 carnisprivii,
2830 674 2895 734 et
2939 667 3143 753 rogari

808 776 1024 842 fecerit
1064 777 1346 838 nostrum
1387 770 1745 850 dominium,
1813 777 1884 837 ut
1938 772 2116 838 nobis
2158 773 2403 855 placeat
2447 773 2717 854 aliquem
2762 772 2850 838 ibi
2896 772 3141 854 habere,

808 879 916 962 qui
957 881 1171 942 nostro
1215 874 1464 939 nomine
1506 877 1717 938 teneat
1759 874 1838 938 ad
1881 872 2149 939 batisma
2192 874 2427 940 dictum
2470 875 2665 940 filium
2710 893 2910 958 suum,
2960 877 3142 942 simul

808 1001 944 1048 cum
988 979 1128 1046 aliis
1174 977 1494 1043 mittendis
1522 993 1635 1058 per
1661 975 1816 1042 alios
1845 977 2147 1058 (1011111103,
2191 983 2256 1043 01
2285 977 2593 1060 principes
2622 978 2856 1059 mundi,
2901 983 2967 1044 et
2997 979 3143 1061 quia

810 1091 1053 1166 tempus
1096 1080 1280 1146 breve
1324 1085 1436 1158 est,
1483 1078 1688 1144 dictus
1731 1078 2143 1145 ambassiator
2176 1080 2353 1161 dixit,
2399 1081 2563 1164 quod
2596 1079 2943 1146 sufficiebat
2978 1083 3144 1164 quod

806 1186 1146 1253 faceremus
1187 1180 1678 1265 procuratorium
1723 1185 2005 1246 nostrum
2050 1181 2114 1246 in
2151 1181 2305 1248 duos
2349 1203 2426 1248 ex
2468 1182 2803 1249 baronibus
2839 1184 2993 1249 dicti
3036 1184 3144 1250 do-

807 1289 976 1367 mini,
1024 1291 1090 1352 et
1131 1302 1322 1351 unum
1367 1303 1440 1350 ex
1484 1283 1741 1366 prelatis
1803 1284 2043 1364 deinde,
2112 1291 2176 1348 et
2242 1285 2327 1350 sit
2396 1285 2595 1351 honor
2642 1286 2843 1352 nostri
2886 1287 3144 1352 dominii

808 1391 1188 1474 complacere
1232 1387 1400 1452 dicto
1445 1385 1849 1452 Serenissimo
1878 1386 2150 1452 Domino
2194 1387 2377 1469 Regi3
2424 1387 2617 1454 Vadit
2659 1407 2824 1471 parS,
2871 1391 3036 1470 quod
3079 1390 3143 1454 in

807 1494 1006 1558 forma
1049 1490 1261 1557 debita
1303 1495 1368 1556 et
1412 1490 1763 1556 necessaria
1791 1489 1927 1555 fieri
1964 1491 2161 1572 possit
2204 1493 2697 1573 procuratorium
2742 1491 2805 1555 111
2849 1509 3145 1572 personas

807 1598 1114 1662 dictorum
1162 1593 1351 1658 trium
1396 1592 1619 1658 deinde
1647 1592 1728 1658 ad
1761 1594 2093 1658 tenendum
2141 1593 2375 1658 dictum
2417 1592 2715 1658 infantem
2761 1594 2843 1657 ad
2877 1592 3146 1658 batisma

809 1699 1054 1764 nomine
1118 1695 1320 1761 nostri
1375 1694 1651 1761 dominii.
1725 1695 1813 1759 Et
1868 1714 1983 1777 pro
2041 1696 2398 1762 honorando
2464 1695 2733 1761 batisma
2796 1696 3142 1777 predictum

807 1801 1050 1883 possint
1108 1799 1368 1881 expendi
1433 1797 1646 1865 ducati
1707 1799 1974 1864 trecenti
2034 1799 2097 1863 in
2156 1798 2281 1865 illis
2344 1799 2529 1864 rebus
2592 1815 2713 1880 que
2771 1797 3146 1864 videbuntur

808 1903 1098 1984 Collegio.

1108 2003 1204 2068 De
1246 2008 1425 2085 parte
1466 2021 1679 2068 omnes
1719 2003 1842 2069 alii.

1108 2106 1204 2171 De
1246 2125 1369 2171 non
1571 2109 1631 2172 4.

1109 2209 1254 2278 Non
1295 2209 1517 2274 sinceri
1575 2213 1632 2274 Ο.

1212 2327 1475 2386 (Arcleiva'o
1511 2326 1570 2380 cli
1601 2325 1752 2381 Scato
1787 2327 1840 2380 in
1887 2325 2125 2394 Venezia,

879 2411 1316 2469 Deliberazioni
1353 2413 1573 2469 Senatu
1609 2412 1806 2482 Miste,
1841 2411 1993 2484 Reg.
2026 2413 2109 2479 55,
2146 2417 2307 2466 carte
2342 2412 2447 2478 84.)

1835 2738 2094 2815 XXV.

1014 2928 1086 2994 In
1131 2928 1372 2994 Christi
1413 2928 1662 2995 nomine
1705 2943 1905 2997 amen.
1974 2928 2156 2994 Anno
2199 2926 2279 2994 ab
2322 2928 2595 2995 eiusdem
2638 2929 2971 2995 nativitate
3001 2929 3145 2995 Mil-

806 3032 1023 3098 lesimo
1083 3032 1689 3115 quadringentesimo
1745 3031 2041 3115 vigesimo
2100 3032 2338 3114 quinto,
2398 3032 2743 3099 Indictione
2800 3033 2997 3099 tercia
3042 3033 3143 3099 die

814 3135 1247 3202 terciodecimo
1289 3134 1593 3219 Januarij.
1664 3135 2020 3201 Misericors
2063 3139 2128 3200 et
2170 3135 2500 3200 miserator
2540 3136 2827 3201 dominus
2870 3135 3003 3200 Rex
3046 3153 3143 3201 ce-

803 3236 998 3319 lestiS,
1049 3256 1162 3303 sua
1201 3236 1501 3303 ineffabili
1543 3238 1797 3320 pietate,
1860 3236 2249 3319 compaciens
2302 3238 2549 3319 Jacture
2603 3238 2858 3303 humani
2898 3239 3143 3321 generis

805 3340 971 3421 quod
1014 3358 1088 3406 ex
1135 3340 1321 3424 primi
1363 3340 1642 3424 parentis
1682 3339 1864 3421 lapsu
1904 3339 1970 3404 in
2014 3344 2225 3405 eterne
2271 3341 2492 3404 mortis
2534 3339 2859 3423 naufragio
2900 3340 3143 3406 labora-

805 3441 934 3523 bat,
979 3446 1053 3507 ut
1093 3441 1273 3509 nobis
1317 3450 1485 3510 esset
1526 3461 1649 3525 quo
1693 3442 1758 3507 in
1802 3442 2025 3508 salutis
2068 3447 2317 3524 portum
2354 3443 2627 3525 recipere
2658 3461 2771 3509 1103
2800 3461 3141 3526 1103301003,

805 3544 1068 3626 primam
1114 3544 1293 3611 nobis
1336 3544 1630 3611 enatandi
1675 3545 1954 3628 porrexit
1996 3544 2293 3626 tabulam,
2346 3562 2587 3611 sacrum
2632 3545 2921 3611 videlicet
2968 3564 3143 3628 rege-

805 3646 1147 3713 nerationis
1199 3648 1532 3727 lavacrum,
1587 3666 1710 3730 quo
1766 3666 1808 3714 a
1861 3646 2165 3714 fermento
2209 3649 2403 3714 veteri
2462 3648 2922 3716 mundaremur.
3010 3648 3145 3715 Hec

808 3755 905 3816 est
949 3751 1112 3816 enim
1153 3752 1354 3834 prima
1391 3751 1833 3834 redemptionis
1873 3751 2221 3835 salutisque
2262 3755 2476 3817 nostre
2516 3751 2636 3831 via,
2684 3752 2812 3817 sive
2844 3769 2969 3834 qua
3004 3768 3144 3835 per-

805 3871 1031 3935 agrans
1074 3856 1356 3935 optatum
1403 3853 1746 3936 hospicium
1789 3870 1915 3918 non
1947 3854 2235 3936 attinget,
2280 3853 2545 3919 veritate
2586 3852 2654 3918 in
2697 3854 3014 3937 evangelio
3044 3872 3143 3919 sa·

806 3954 1140 4021 luberrime
1181 3956 1542 4038 predicante
1599 3956 1765 4039 quod
1821 3956 1944 4022 nisi
2004 3958 2143 4039 quis
2197 3961 2454 4022 renatus
2508 3954 2700 4022 suerit
2751 3975 2827 4023 ex
2872 3974 3037 4038 aqua
3077 3960 3141 4021 et

808 4063 1026 4125 sancto
1084 4056 1321 4141 Spiritu
1375 4058 1442 4124 in
1499 4061 1671 4142 regia
1729 4059 1923 4126 celica
1974 4076 2099 4125 non
2136 4058 2416 4124 intrabit.
2508 4059 2665 4125 Cum
2709 4058 2925 4143 itaque
2967 4057 3145 4125 Sere-

806 4161 1099 4227 nissimus
1156 4165 1222 4226 et
1271 4160 1846 4228 Excellentissimus
1886 4162 2194 4242 dominus,
2254 4160 2539 4227 dominus
2584 4161 2981 4242 WladislauS,
3026 4160 3142 4225 Dei

807 4264 1014 4346 gratia
1063 4262 1196 4328 Rex
1241 4263 1513 4344 Polonie,
1563 4262 1975 4347 Lituanieque
2012 4263 2299 4345 princeps
2329 4280 2654 4345 supremus
2682 4266 2749 4328 et
2774 4262 2954 4328 heres
2982 4262 3141 4327 Rus-

805 4366 895 4433 sie
939 4366 1416 4447 illustrissimuS,
1477 4366 1722 4432 noviter
1764 4370 1839 4433 ut
1879 4366 2121 4449 placuit
2163 4364 2464 4432 bonorum
2508 4365 2783 4431 omnium
2828 4364 3141 4448 donatori,
