3793 5187
1746 535 1825 599 63

628 737 799 803 illius
843 736 1017 803 urbis
1062 738 1753 821 constantinopolitane
1796 741 1862 804 et
1906 739 2169 804 aliarum
2229 739 2499 820 partium
2561 740 2958 806 orientalium

631 859 670 905 a
710 839 889 906 nobis
938 839 1265 905 certificari
1298 841 1473 922 'petit
1516 859 1591 905 ac
1625 839 1947 906 nobiscum
2005 845 2186 906 tanta
2227 839 2616 904 humanitate
2659 861 2728 908 se
2769 842 2961 909 habet

628 941 931 1008 immense
988 942 1420 1024 regratiamur,
1486 941 1790 1024 IHamque
1833 947 2104 1009 vestram
2157 943 2508 1008 naturalem
2572 943 2958 1010 affectionem

635 1047 701 1108 et
742 1043 1247 1110 ardentissimum
1282 1044 1655 1110 desiderium
1698 1044 1779 1109 ad
1826 1045 2092 1109 salutem
2137 1051 2203 1110 et
2245 1046 2570 1110 comodum
2595 1045 2958 1128 Reipublice

630 1144 965 1212 christiane
990 1145 1443 1226 quammaxime
1466 1145 1809 1227 laudamuS,
1840 1145 2103 1212 subinde
2133 1152 2207 1213 ut
2235 1149 2650 1214 condictiones
2685 1150 2958 1230 partium

636 1246 885 1312 illarum
924 1247 1308 1330 intelligatis,
1348 1265 1563 1312 verum
1600 1247 1793 1314 fuisse
1838 1248 2102 1314 dicimus
2140 1249 2205 1314 id
2248 1249 2414 1330 quod
2451 1249 2812 1315 excellentie
2853 1268 2957 1316 ve-

627 1353 759 1414 stre
802 1349 925 1414 iam
969 1353 1155 1415 antea
1197 1349 1561 1419 nunciatum
1600 1349 1721 1416 fuit
1748 1351 2038 1416 videlicet
2068 1350 2824 1432 Constantinopolitanam
2853 1370 2956 1417 ur-

626 1449 767 1515 bem
812 1448 893 1515 ab
934 1449 1218 1516 hostibus
1274 1451 1598 1520 christiani
1652 1452 1920 1516 nominis
1965 1452 2216 1517 Teucris
2274 1469 2386 1534 per
2413 1452 2670 1534 aliquot
2716 1470 2958 1518 menses

624 1551 819 1617 fuisse
859 1550 1177 1618 obsessam
1222 1555 1289 1616 et
1330 1553 1607 1634 graviter
1634 1553 2039 1634 stimulatam,
2086 1554 2195 1620 sed
2228 1553 2570 1619 auxiliante
2597 1553 2808 1619 divina
2837 1554 2958 1620 cle-

626 1653 861 1720 mentia
903 1654 1081 1720 cuius
1142 1673 1242 1718 res
1288 1653 1589 1736 agebatur
1648 1659 1859 1722 stante
1921 1655 2222 1721 eiusmodi
2280 1658 2492 1720 teucre
2549 1654 2752 1737 gentis
2795 1653 2960 1720 obsi-

628 1756 830 1838 dione,
878 1756 1269 1838 omnipotens
1310 1757 1481 1822 Deus
1518 1757 1839 1823 dexteram
1881 1775 1994 1822 sue
2033 1756 2386 1822 Maiestatis
2433 1757 2514 1822 ad
2557 1757 2823 1822 salutem
2850 1775 2961 1839 po-

626 1856 758 1938 puli
800 1857 919 1938 sui,
961 1861 1026 1922 et
1069 1857 1377 1923 excidium
1420 1861 1776 1924 teucrorum
1820 1858 2114 1924 extendit.
2193 1857 2356 1924 Nam
2400 1858 2565 1923 sicut
2605 1858 2961 1925 celsitudini

626 1963 832 2024 vestre
879 1963 1011 2024 tam
1052 1977 1129 2024 ex
1174 1958 1461 2041 partibus
1499 1959 1822 2042 Hungarie
1864 1977 2052 2041 quam
2097 1960 2347 2026 aliunde
2376 1961 2736 2027 nunciatum
2766 1959 2960 2027 fuisse

626 2077 749 2125 non
790 2059 1147 2127 dubitamus
1204 2061 1402 2126 teucri
1454 2063 1577 2143 ipsi
1630 2062 1738 2143 qui
1794 2062 2232 2142 potentissima
2286 2079 2492 2143 manu,
2553 2063 2963 2144 maximisque

626 2161 861 2227 bellicis
906 2162 1313 2244 apparatibus
1370 2163 1653 2244 Regnum
1714 2162 2036 2245 Hungarie
2094 2165 2162 2229 in
2211 2163 2496 2246 partibus
2537 2164 2960 2230 Transilvanis

628 2283 702 2328 ac
744 2263 1048 2330 Valachie
1107 2264 1489 2347 provinciam
1538 2264 2066 2345 subintraverant,
2129 2265 2378 2347 iamque
2437 2267 2631 2348 preda
2685 2263 2854 2332 ferro
2898 2269 2964 2331 et

626 2365 766 2448 igne
810 2371 1027 2448 partes
1078 2365 1221 2430 illas
1277 2370 1530 2431 vastare
1591 2369 1657 2430 et
1714 2370 1992 2432 evertere
2053 2372 2349 2449 ceperant
2391 2387 2430 2433 a
2470 2367 2758 2450 gentibus
2804 2367 2962 2432 hun-

626 2466 855 2548 garicis
899 2467 1321 2532 Transilvanis
1367 2485 1441 2532 ac
1482 2466 1739 2533 Vlachis
1795 2471 1861 2532 et
1903 2467 2044 2533 aliis
2092 2469 2426 2534 convicinis
2471 2467 2758 2551 partibus
2797 2468 2962 2533 chri-

629 2566 871 2649 stianiS,
932 2585 1055 2649 que
1095 2568 1177 2634 ad
1221 2569 1574 2652 oppositum
1615 2567 1994 2635 Teucrorum
2047 2574 2464 2637 convenerant
2522 2570 2731 2637 divino
2773 2570 2962 2635 mira-

630 2670 769 2737 culo
812 2669 937 2736 fusi
979 2670 1105 2737 cesi
1145 2675 1211 2737 et
1254 2672 1320 2736 in
1362 2675 1709 2737 extremum
1752 2671 2104 2738 conflictum
2141 2676 2206 2739 et
2248 2672 2556 2739 excidium
2598 2672 2762 2738 versi
2793 2676 2957 2752 sunt,

628 2771 793 2837 sicut
833 2775 1080 2839 constat
1142 2790 1253 2854 per
1295 2772 1513 2838 literas
1558 2772 1954 2839 Serenissimi
1995 2774 2184 2856 Regis
2233 2772 2557 2855 Hungarie
2597 2776 2664 2838 et
2710 2772 2966 2840 Polonie

634 2872 889 2955 eiusque
934 2872 1280 2955 Capitanei,
1321 2875 1428 2957 qui
1470 2874 1538 2939 in
1578 2872 1743 2940 facto
1790 2872 1930 2955 fuit,
1991 2892 2254 2955 quarum
2307 2874 2656 2957 exemplum
2699 2873 2856 2939 alias
2899 2874 2965 2938 in

632 2974 831 3040 literis
878 2975 1113 3041 nostris
1155 2975 1321 3041 datis
1364 2975 1542 3041 XXX
1584 2976 1815 3041 mensis
1860 2975 2133 3043 octobris
2176 2976 2374 3058 elapsi
2414 2976 2495 3043 ad
2537 2976 2964 3041 excellentiam

636 3080 907 3143 vestram
950 3076 1197 3143 misisse
1236 3077 1581 3143 recolimus.
1654 3078 1741 3141 Et
1782 3081 1993 3143 tamen
2027 3080 2362 3145 earundem
2389 3078 2715 3144 literarum
2759 3095 2964 3142 exem-

634 3178 806 3259 plum
870 3196 1087 3245 rursus
1152 3179 1459 3245 mittimus
1524 3178 1623 3245 his
1687 3178 1994 3244 inclusum
2061 3183 2137 3244 ut
2197 3183 2400 3245 totam
2467 3197 2542 3245 ac
2602 3197 2813 3245 veram
2875 3178 2966 3245 rei
3099 3264 3108 3275 ι

637 3280 969 3345 essentiam
1014 3281 1178 3346 sicut
1230 3286 1297 3346 et
1354 3298 1467 3346 nos
1528 3279 1859 3346 habuimus
1903 3280 2232 3363 intelligat,
2299 3281 2463 3346 unde
2505 3287 2760 3363 propter
2803 3281 2968 3347 hanc

636 3382 959 3448 adversam
990 3382 1367 3448 Teucrorum
1406 3381 1723 3447 fortunam
1764 3386 1830 3447 et
1871 3382 2108 3448 cladem
2137 3382 2372 3447 Eorum
2415 3384 2720 3448 exercitus
2751 3384 2858 3465 qui
2886 3384 2968 3449 ad

640 3482 1023 3549 obsidionem
1053 3483 1625 3565 Constantinopolis
1668 3481 1903 3548 dudum
1948 3486 2214 3549 steterat
2255 3487 2511 3566 repente
2552 3483 2858 3564 discessit,
2903 3489 2970 3549 et

632 3585 899 3650 evanuit.
979 3586 1208 3652 Evenit
1270 3603 1517 3668 quoque
1574 3604 1647 3651 eo
1705 3586 1841 3666 ipso
1901 3590 2180 3667 tempore
2238 3590 2312 3651 ut
2355 3586 2626 3652 Illustris
2669 3586 2965 3667 despotus

640 3684 1088 3753 Constantinus
1132 3687 1431 3769 dragassi'
1474 3687 1672 3752 frater
1726 3686 2116 3751 Serenissimi
2161 3686 2562 3767 Imperatoris
2609 3686 2968 3752 Constanti·

636 3788 1001 3869 nopolitani,
1052 3790 1201 3854 dum
1242 3807 1317 3853 ex
1361 3788 1677 3870 provincia
1717 3788 1972 3869 Achaye
2015 3788 2399 3853 discessisset
2443 3788 2967 3869 Constantinopo-

634 3886 743 3952 lim
788 3887 1195 3971 profecturus,
1244 3893 1316 3953 ut
1360 3894 1427 3955 et
1471 3888 1650 3953 fratri
1695 3894 1761 3955 et
1803 3888 2063 3969 imperio
2118 3890 2528 3971 personaliter
2587 3908 2766 3970 opem
2807 3889 2969 3954 feret

636 3989 704 4053 in
742 3991 873 4056 eius
920 3992 1147 4058 itinere
1187 4010 1228 4056 a
1266 3992 1465 4057 classe
1494 3992 1887 4070 Teucrorum,
1934 4008 2056 4071 que
2100 4008 2176 4054 ex
2217 3990 2551 4072 improviso
2589 3990 2668 4056 de
2696 3990 2970 4071 Galipoli

638 4092 826 4173 opido
850 4092 1229 4159 Teucrorum
1270 4092 1547 4158 exiverat
1582 4094 1649 4157 in
1695 4092 1902 4157 insula
1944 4096 2010 4155 et
2051 4096 2257 4157 castro
2303 4091 2642 4157 Stalimene
2682 4109 2793 4173 per
2831 4091 2968 4172 plu-

636 4192 829 4259 rimos
870 4194 1005 4259 dies
1046 4194 1335 4260 obsessus
1378 4191 1516 4274 fuit,
1564 4194 1665 4259 Ita
1706 4198 1778 4258 ut
1820 4210 1934 4259 nec
1967 4191 2572 4276 Constantinopolim
2615 4192 2710 4257 ire
2735 4196 2965 4273 posset,

634 4310 747 4359 nec
792 4294 937 4361 inde
978 4294 1309 4375 discedere,
1370 4312 1571 4377 neque
1630 4293 1733 4359 vix
1792 4293 1871 4359 de
1925 4293 2126 4359 salute
2177 4312 2292 4361 sua
2344 4297 2640 4377 speraret.
2718 4292 2970 4359 Interea

635 4412 751 4467 nos
788 4394 1091 4464 habentes
1136 4396 1215 4465 de
1256 4414 1326 4461 re
1367 4395 1493 4461 ista
1534 4395 1847 4479 noticiam,
1899 4400 2042 4461 octo
2086 4414 2160 4461 ex
2203 4396 2398 4481 galeis
2441 4394 2672 4465 nostris
2709 4395 2966 4466 armatis
