3793 5187
1734 504 1815 564 57

604 723 683 769 ex
726 703 1131 772 Serenissima
1172 705 1459 790 Principe
1502 711 1567 770 et
1608 705 1875 787 domina,
1939 706 2195 774 domina
2236 707 2468 792 Sophia
2511 713 2936 785 illustrissima

606 825 720 872 sua
778 812 1062 874 consorte
1118 808 1355 890 prolem
1412 809 1753 890 susceperit
1809 809 2214 875 masculinam
2227 861 2244 892 ,
2303 819 2368 878 et
2419 815 2590 881 velut
2643 819 2940 886 orthodo-

603 927 721 974 xus
762 911 897 975 Rex
938 914 1004 977 et
1046 912 1333 994 princeps
1376 910 1949 993 christianissimae,
2012 913 2299 979 intendat
2339 919 2726 987 sanctissimo
2771 941 2942 988 com-

602 1013 1058 1096 mendabilique
1101 1015 1441 1096 proposito,
1486 1015 1691 1097 ipsum
1722 1014 2196 1082 Serenissimum
2239 1019 2374 1084 eius
2413 1019 2627 1102 filium,
2673 1024 2754 1089 ad
2781 1024 2941 1090 Jesu

603 1114 837 1181 Christi
878 1116 1063 1182 fidem
1106 1116 1495 1194 catholicam,
1541 1123 1607 1182 et
1653 1117 1902 1184 salubre
1931 1121 2416 1202 regenerationis
2449 1123 2762 1191 lavacrum
2793 1145 2934 1209 per-

597 1217 823 1296 venire,
882 1235 958 1283 ac
1014 1236 1127 1298 per
1182 1218 1597 1285 venerandum
1657 1223 1723 1284 et
1778 1221 2122 1303 sapientem
2189 1227 2502 1290 oratorem
2567 1244 2678 1292 sue
2738 1227 2934 1311 Regie

594 1319 947 1386 Maiestatis
1004 1320 1222 1386 fecerit
1278 1319 1747 1388 Serenissimum
1807 1321 2158 1406 Principem
2213 1331 2280 1392 et
2325 1327 2930 1398 Excellentissimum

596 1422 929 1504 dominum,
976 1423 1292 1489 dominum
1336 1424 1733 1489 Franciscum
1778 1426 2052 1505 Foscari,
2098 1426 2218 1492 Dei
2258 1429 2466 1510 gratia
2494 1429 2783 1496 Inclitum
2812 1432 2929 1499 du-

594 1543 725 1590 cem
769 1524 1173 1590 venetiarum
1217 1531 1335 1590 etc.
1378 1525 1457 1590 de
1499 1526 1651 1592 dicti
1696 1525 2086 1593 Serenissimi
2145 1530 2322 1611 pueri
2365 1531 2695 1597 nativitate
2742 1535 2926 1600 certi-

590 1626 779 1706 ficari,
824 1631 892 1693 et
934 1627 1331 1693 affectuosius
1373 1626 1641 1707 invitari,
1687 1633 1761 1694 ut
1803 1629 2078 1712 placeret
2123 1631 2318 1697 eidem
2365 1631 2768 1702 Serenissimo
2812 1637 2921 1703 do-

587 1732 774 1812 mino,
822 1731 1071 1798 domino
1110 1730 1253 1795 duci
1294 1729 1429 1794 fieri
1473 1729 1673 1796 facere
1718 1731 1849 1796 vice
1890 1731 1989 1797 sui
2031 1751 2272 1798 sacrum
2303 1733 2700 1818 baptismatis
2727 1737 2918 1804 ritum

587 1837 652 1900 et
694 1834 971 1900 ordinem
1027 1831 1253 1898 infanti
1308 1831 1711 1898 serenissimo
1778 1834 2090 1916 sepedicto
2153 1835 2380 1901 idcirco
2434 1836 2598 1902 idem
2641 1835 2916 1904 Serenis-

583 1937 775 2003 simus
816 1937 1120 2016 dominus,
1178 1935 1465 2002 dominus
1506 1935 1651 2016 duit,
1711 1935 1925 2002 volens
1978 1954 2046 2002 se
2087 1937 2280 2002 menti
2324 1943 2389 2002 et
2433 1937 2740 2005 voluntati
2779 1961 2914 2023 pre-

582 2039 737 2106 dicti
779 2037 1167 2106 Serenissimi
1212 2037 1463 2117 domini,
1519 2036 1755 2102 domini
1798 2035 1988 2120 Regis
2043 2035 2270 2104 affectu
2311 2039 2724 2107 sincerissimo
2767 2062 2912 2110 con-

580 2139 867 2223 formare,
906 2147 973 2207 et
1013 2141 1144 2206 suis
1172 2137 1681 2223 requisitionibus
1708 2137 2087 2221 satisfacere,
2132 2157 2261 2206 una
2289 2159 2429 2207 cum
2458 2142 2588 2210 suis
2617 2145 2908 2228 consiliis,

577 2243 659 2308 ad
698 2242 1097 2325 infrascripta
1137 2245 1204 2307 et
1243 2241 1369 2306 alia
1396 2240 1738 2307 exercenda
1778 2241 2136 2308 solemniter
2177 2242 2511 2326 deputatiS,
2569 2246 2651 2311 ad
2688 2263 2910 2314 sonum

576 2364 874 2430 campane
914 2351 980 2410 et
1016 2363 1164 2411 voce
1206 2344 1499 2426 preconia
1533 2344 1885 2409 convocatis
1931 2347 1997 2410 et
2041 2347 2446 2428 congregatis,
2493 2351 2559 2413 et
2594 2347 2734 2432 ipsa
2763 2367 2907 2415 con-

576 2449 717 2514 silia
757 2467 885 2514 una
932 2467 1072 2514 cum
1114 2449 1249 2531 ipso
1292 2447 1539 2513 domino
1596 2447 1847 2514 domino
1899 2447 2056 2512 duce
2113 2466 2225 2530 per
2281 2467 2350 2515 se
2399 2453 2465 2514 et
2521 2467 2908 2518 successores

572 2568 719 2619 suos
759 2555 826 2619 et
861 2552 1109 2619 nomine
1151 2570 1225 2617 ac
1262 2551 1393 2617 vice
1438 2548 1735 2617 Comunis
1778 2549 2201 2634 venetiarum,
2259 2552 2536 2619 volentes
2593 2552 2762 2621 ultra
2806 2555 2905 2622 in-

569 2653 996 2736 explicabilem
1041 2653 1386 2734 caritatem,
1432 2653 1735 2719 sinceram
1772 2652 2186 2735 devocionem,
2233 2673 2310 2721 ac
2345 2655 2549 2721 zelum
2577 2657 2898 2739 optimum,

570 2754 795 2837 quibus
838 2757 1035 2824 eidem
1074 2755 1478 2821 Serenissimo
1520 2756 1789 2835 domino,
1845 2755 2095 2820 domino
2141 2754 2296 2838 Regi
2339 2756 2664 2839 prelibato,
2721 2756 2899 2825 Sere-

566 2858 857 2924 nissimus
899 2859 1202 2939 dominuS,
1249 2857 1535 2923 dominus
1574 2856 1718 2922 Dux
1754 2860 1819 2921 et
1849 2854 2127 2923 Comune
2155 2856 2578 2939 Venetiarum,
2625 2866 2804 2925 erant
2833 2865 2898 2927 et

566 2966 715 3027 sunt
758 2962 1115 3029 cordialiter
1155 2961 1408 3041 couniti,
1469 2978 1609 3026 cum
1669 2960 1801 3025 eius
1860 2958 2270 3025 Serenissima
2315 2960 2513 3043 Regia
2560 2962 2896 3029 Maiestate

563 3065 875 3147 spirituali
919 3083 1083 3132 nexu
1124 3064 1305 3146 ligari
1349 3064 1512 3129 nodo
1543 3062 1829 3129 videlicet
1870 3062 2272 3145 compatricij,
2313 3063 2480 3128 omni
2521 3064 2723 3145 modo,
2769 3066 2890 3146 via,

554 3166 694 3249 jure
737 3171 803 3234 et
843 3167 1061 3250 forma,
1120 3165 1345 3249 quibus
1386 3166 1607 3232 melius
1644 3170 1710 3231 et
1752 3162 2057 3231 efficatius
2113 3166 2453 3246 potuerunt
2495 3183 2570 3231 ac
2609 3174 2890 3250 possunt,

557 3268 856 3351 fecerunt,
904 3270 1380 3349 constituerunt,
1444 3272 1811 3334 creaverunt
1850 3270 1916 3332 et
1957 3266 2400 3331 ordinaverunt
2441 3284 2586 3332 suos
2629 3274 2694 3333 et
2735 3269 2888 3334 dicti
2963 3262 2968 3277 '
3011 3336 3024 3351 ‚

560 3370 855 3439 Comunis
884 3374 1289 3440 Venetiarum
1336 3370 1605 3437 sindicos
1646 3376 1713 3436 et
1754 3373 2188 3463 procuratores
2231 3368 2557 3451 legitimos,
2603 3372 2882 3453 magnifi-

556 3496 661 3545 cos
703 3482 769 3545 et
810 3480 1096 3561 potentes
1136 3473 1419 3541 dominos
1464 3472 1506 3538 J
1506 3472 1813 3538 ohannem
1855 3470 1934 3537 de
1975 3470 2275 3550 Tarnavv,
2338 3469 2689 3553 palatinum
2732 3473 2885 3540 Cra·

553 3581 916 3661 coviensem,
957 3583 1022 3645 et
1048 3577 1376 3643 Nicolaum
1404 3576 1484 3641 de
1511 3574 1859 3640 Michalovv
1889 3572 2462 3648 Sandomeriensem
2493 3576 2880 3657 capitaneum

553 3682 1043 3762 Cracoviensem,
1103 3698 1217 3746 nec
1272 3695 1399 3743 non
1455 3677 1874 3743 venerandum
1933 3679 1999 3742 et
2055 3676 2367 3758 egregium
2427 3676 2626 3741 virum
2674 3677 2879 3744 Stani-

549 3786 750 3853 slaum
796 3784 1027 3850 Czalek
1071 3786 1390 3847 cantorem
1436 3780 1905 3845 cracoviensem
1969 3778 2168 3861 Regni
2210 3777 2466 3843 Polonie
2507 3778 2878 3847 vicecancel-

547 3888 789 3968 larium,
822 3885 1111 3952 absentes
1139 3888 1437 3965 tanquam
1464 3886 1783 3963 presentes
1812 3885 1878 3947 et
1906 3878 2245 3963 quemlibet
2281 3898 2494 3944 eorum
2523 3880 2873 3948 insolidum.

544 3991 647 4055 Ita
686 3990 851 4071 quod
896 3986 1261 4069 occupantis
1304 3984 1579 4049 condicio
1624 3982 1829 4065 potior
1872 4000 2000 4047 non
2041 3981 2290 4063 existat,
2344 3980 2453 4046 sed
2495 3982 2659 4062 quod
2711 4002 2874 4050 unus

543 4114 757 4161 eorum
799 4092 1119 4175 inceperit,
1165 4091 1327 4155 alter
1366 4088 1638 4154 mediare
1681 4104 1757 4151 ac
1791 4086 2087 4167 prosequi
2117 4083 2323 4149 valeat
2365 4090 2430 4149 et
2466 4082 2661 4149 finire.
2721 4084 2872 4167 Spe-

540 4198 783 4264 cialiter
823 4201 888 4263 et
929 4211 1216 4277 expresse
1278 4193 1359 4258 ad
1414 4189 1891 4272 comparendum
1937 4189 2018 4254 ad
2059 4186 2437 4271 presentiam
2480 4184 2868 4251 Serenissimi

538 4300 789 4381 domini,
835 4298 1070 4365 domini
1112 4296 1298 4378 Regis
1327 4294 1581 4360 Polonie
1618 4292 1927 4375 prelibati,
1975 4293 2056 4358 ad
2099 4290 2478 4357 offerendum
2507 4288 2704 4353 eidem
2733 4289 2867 4355 vice

535 4409 602 4469 et
646 4403 895 4470 nomine
936 4403 1211 4484 ipsorum
1270 4396 1798 4477 constituentium,
1852 4413 1920 4461 se
1975 4397 2296 4477 promptos
2351 4408 2547 4472 acque
2588 4394 2860 4474 paratos,
