3793 5187
1755 629 1871 695 161

625 835 853 902 saltem
913 836 1170 918 favoris,
1223 837 1331 918 qui
1397 837 1465 902 in
1523 836 1812 902 maximis
1875 835 2064 902 rebus
2120 835 2333 917 sperni
2393 854 2518 902 non
2579 843 2983 904 consuerunt.

630 940 901 1022 Cognito
933 945 1146 1006 autem
1175 940 1353 1020 regie
1380 939 1806 1006 Sublimitatis
1831 939 2094 1006 consilio
2128 947 2193 1005 et
2214 939 2446 1022 juditio
2477 941 2541 1005 in
2562 959 2633 1007 re
2649 938 2979 1022 Scythica:

629 1042 805 1108 aliud
845 1042 1175 1109 dicendum
1218 1061 1344 1108 non
1385 1043 1684 1123 occurrit,
1730 1042 1852 1108 nisi
1883 1042 2052 1123 quod
2081 1041 2406 1108 Maiestati
2448 1060 2562 1109 sue
2607 1048 2673 1109 et
2714 1062 2830 1126 pro
2876 1062 2982 1109 co-

624 1145 1052 1211 municatione
1095 1151 1160 1210 et
1197 1145 1628 1214 declaratione
1671 1165 1887 1212 rerum
1950 1145 2203 1211 illarum
2263 1164 2500 1227 sueque
2560 1146 2872 1213 sententie
2916 1153 2983 1214 et

629 1247 898 1314 consilii:
944 1253 1010 1314 et
1050 1266 1169 1330 pro
1212 1246 1856 1329 magnificentissimis
1902 1247 2025 1329 piis
2081 1253 2149 1313 et
2189 1248 2510 1330 religiosis
2553 1248 2981 1316 oblationibus

627 1350 758 1416 suis
798 1352 1038 1432 gratias
1082 1349 1366 1432 agimus:
1414 1350 1470 1416 si
1512 1368 1638 1416 non
1669 1367 1828 1431 quas
1875 1355 2056 1416 tanta
2099 1351 2308 1433 pietas
2354 1357 2421 1416 ct
2448 1351 2723 1417 studium
2766 1370 2978 1418 rerum

629 1453 1128 1529 christianarum,
1177 1459 1244 1518 et
1287 1453 1352 1517 in
1380 1471 1497 1520 nos
1539 1455 1844 1536 precipua
1876 1454 2305 1520 benivolentie
2353 1453 2731 1536 significatio
2776 1473 2980 1520 mere·

626 1563 732 1622 tur
799 1561 866 1622 et
931 1557 1160 1638 exigit,
1216 1574 1325 1622 eas
1389 1555 1619 1622 saltem
1640 1606 1658 1637 ,
1723 1573 1882 1637 quas
1952 1575 2070 1636 pro
2133 1557 2371 1624 viribus
2440 1563 2508 1622 et
2562 1556 2973 1624 facultatibus

626 1677 980 1743 possumus.
1071 1657 1304 1724 Cetera
1344 1659 1440 1723 illi
1481 1677 1598 1741 pro
1645 1659 1888 1724 meritis
1918 1658 2175 1738 tribuet,
2223 1659 2332 1740 qui
2378 1660 2590 1724 omnia
2630 1663 2867 1741 potest,
2914 1664 2982 1723 et

627 1762 799 1842 quod
827 1761 1152 1827 Maiestati
1195 1779 1310 1827 sue
1349 1761 1542 1826 talem
1586 1761 1771 1826 dedit
1817 1762 2097 1826 animum
2144 1761 2223 1826 de
2268 1779 2386 1826 sua
2424 1759 2550 1828 fide
2582 1767 2649 1826 et
2674 1760 2979 1843 religione

627 1865 936 1945 merendi,
999 1864 1177 1930 dabit
1234 1863 1428 1929 etiam
1485 1865 1621 1946 ipse
1684 1863 2103 1947 proculdubio
2172 1863 2548 1946 potentiam,
2592 1864 2849 1930 modum
2915 1869 2981 1928 et

630 1967 1050 2033 occasionem:
1114 1965 1237 2032 Sed
1285 1963 1714 2032 difficillimum
1766 1965 1907 2032 fore
1967 1965 2279 2032 credimus
2336 1985 2461 2033 non
2508 1967 2710 2032 solum
2775 1966 2981 2032 eidem

627 2069 954 2135 Maiestati
997 2068 1112 2135 sed
1160 2068 1448 2133 omnibus
1515 2068 1708 2134 etiam
1767 2067 2025 2150 regibus
2072 2074 2137 2134 et
2181 2069 2569 2151 principibus
2614 2069 2978 2134 christianis

627 2172 908 2238 finitimis
952 2171 1292 2252 presertim
1329 2167 1609 2244 Inimico,
1653 2171 1778 2236 nisi
1825 2190 1943 2236 sua
1986 2172 2154 2236 inter
2200 2190 2269 2237 se
2315 2172 2520 2238 tolant
2562 2176 2675 2238 aut
2721 2190 2976 2253 compo-

627 2282 781 2341 nant
823 2274 1085 2341 dissidia
1129 2279 1194 2339 et
1236 2274 1494 2356 negotia
1527 2273 1861 2355 pacificent
1928 2274 2141 2340 omnia
2162 2326 2177 2356 ‚
2222 2275 2547 2355 unitisque
2599 2281 2665 2340 et
2710 2293 2970 2341 concor-

625 2377 810 2443 dibus
853 2376 1092 2442 viribus
1135 2375 1470 2457 insurgant
1511 2395 1636 2442 non
1680 2375 1886 2442 solum
1944 2377 2009 2441 in
2052 2381 2337 2442 mutuam
2380 2377 2970 2458 propugnationem,

629 2479 742 2546 sed
786 2479 850 2543 in
899 2481 1178 2544 comunis
1221 2478 1420 2544 hostis
1466 2479 1945 2560 oppressionem
1991 2483 2057 2544 et
2103 2478 2539 2544 delectionem.

835 2581 1096 2665 Causas,
1159 2600 1271 2647 cur
1328 2579 1426 2647 bis
1486 2583 1722 2648 oratori
1781 2587 2003 2649 nostro
2052 2582 2117 2647 in
2170 2581 2503 2663 Hungaria
2561 2585 2711 2647 tunc
2764 2582 2979 2666 agenti

633 2686 1159 2767 imposueramus‚
1205 2689 1278 2749 ut
1335 2685 1416 2751 ad
1474 2685 1718 2767 regiam
1777 2685 2239 2751 Sublimitatem
2303 2684 2565 2750 Polonie
2625 2686 2978 2761 accederet,

630 2787 933 2869 explicari
984 2788 1162 2869 regie
1217 2786 1588 2853 Celsitudini
1631 2806 1748 2869 per
1803 2787 1846 2853 J
1848 2806 2119 2853 oannem
2162 2788 2521 2868 Baptistam
2581 2786 2978 2853 Trivisanum

629 2890 1052 2958 Secretarium
1095 2895 1382 2956 nostrum
1408 2890 1704 2956 iussimus
1751 2907 1991 2971 easque
2026 2889 2505 2973 Magnificencie
2546 2907 2661 2955 sue
2690 2888 2977 2955 breviter

627 2994 1147 3075 perstringemus,
1251 2993 1502 3074 Duplex
1563 2994 1704 3075 ipsa
1768 3012 1961 3059 causa
2027 2993 2175 3073 fuit,
2242 2998 2316 3058 ut
2381 2992 2615 3073 duplex
2685 2996 2975 3057 nostrum

631 3100 951 3161 oratorem
993 3097 1200 3177 ipsum
1229 3096 1310 3161 ad
1351 3094 1594 3178 regiam
1634 3096 2023 3177 presentiam
2050 3096 2342 3162 mittendi
2374 3095 2695 3161 decretum
2714 3141 2732 3171 ,
2770 3096 2977 3177 prima

632 3216 822 3264 causa
862 3203 928 3263 et
954 3198 1160 3280 prima
1201 3203 1420 3263 nostra
1446 3198 1821 3263 deliberatio
1851 3196 1975 3262 fuit
2002 3203 2302 3280 tempore,
2336 3215 2461 3279 quo
2491 3197 2975 3263 munitissimum

635 3299 898 3383 opidum
942 3306 1226 3367 nostrum
1270 3300 1520 3366 Scutari
1583 3300 1915 3367 obsidione
1970 3302 2239 3367 cinctum
2304 3300 2383 3365 ab
2425 3299 2610 3365 hoste
2654 3318 2975 3383 oppugna-

628 3402 836 3484 batur,
898 3422 1039 3469 cum
1093 3420 1218 3485 quo
1282 3403 1338 3469 si
1378 3403 1820 3485 permutasset,
1859 3402 2210 3485 periclitari
2252 3402 2621 3468 videbamus
2680 3420 2976 3484 magnam

627 3525 839 3573 rerum
892 3505 1377 3572 christianarum
1419 3510 1691 3587 partem.
1779 3506 2045 3571 Mittere
2088 3506 2284 3587 igitur
2328 3510 2476 3570 tunc
2537 3505 2977 3571 constituimus

630 3614 952 3676 oratorem
991 3610 1200 3691 ipsum
1254 3610 1341 3674 ad
1382 3627 1568 3690 reges
1613 3613 1678 3675 et
1736 3609 2054 3691 principes
2101 3607 2480 3675 christianos
2526 3614 2594 3672 et
2633 3606 2777 3673 illos
2834 3626 2976 3689 pre·

628 3713 868 3791 sertim,
923 3727 1081 3792 quos
1143 3716 1209 3777 et
1260 3730 1452 3793 posse
1515 3712 1866 3779 sciebamus
1934 3716 2001 3776 et
2047 3710 2209 3777 velle
2250 3709 2661 3793 sperabamus
2726 3710 2977 3775 comuni

626 3814 867 3882 labenti
915 3814 1009 3879 rei
1067 3815 1394 3897 suppetias
1437 3813 1638 3894 ferre3
1696 3820 1762 3881 et
1803 3814 1971 3879 inter
2020 3821 2275 3880 ceteros
2329 3811 2412 3877 ad
2476 3811 2718 3893 regiam
2776 3812 2977 3877 Maie-

632 3921 864 3984 statem
909 3916 1192 3998 Polonie‚
1241 3934 1430 3998 quam
1472 3923 1802 4000 potentem
1847 3922 1917 3983 et
1960 3916 2321 3999 religiosam
2358 3916 2669 3996 nobisque
2708 3914 2977 3981 amicam

628 4019 1010 4099 sciebamuS,
1068 4025 1142 4085 ut
1197 4019 1364 4099 quod
1425 4019 1543 4086 soli
1600 4020 1812 4086 facere
1873 4037 2065 4101 posse
2109 4016 2563 4092 diffidebamus,
2622 4035 2736 4099 per
2793 4034 2977 4098 reges

629 4121 1004 4188 christianos
1047 4122 1281 4192 amicos
1323 4121 1534 4188 facere
1576 4126 1986 4189 tentaremus.

834 4224 1126 4291 Secunda
1185 4242 1378 4292 cansa
1438 4225 1560 4291 fuit
1617 4225 1748 4291 hec.
1843 4223 2081 4290 Orator
2138 4229 2356 4291 noster
2412 4221 2596 4287 Bude
2657 4238 2849 4303 agens
2908 4226 2977 4286 et

627 4326 1030 4394 Maiestatem
1069 4328 1396 4411 Hungarie
1425 4329 1556 4395 illic
1599 4329 1916 4410 operiens,
1959 4332 2224 4393 vocatus
2264 4324 2295 4390 f
2298 4324 2392 4390 uit
2428 4325 2495 4389 in
2524 4321 2975 4389 Vratislaviam

628 4434 846 4512 preter
889 4436 1174 4497 nostram
1225 4432 1642 4497 intentionem
1695 4435 1762 4496 et
1809 4434 2104 4503 mentem,
2146 4434 2220 4495 ut
2262 4430 2370 4510 qui
2413 4426 2613 4510 probe
2662 4424 2973 4507 intellige·

627 4531 872 4615 bamus,
905 4550 1230 4601 accessum
1275 4534 1548 4601 oratoris
1591 4534 1794 4600 nostri
1833 4532 1983 4599 illuc
2024 4549 2217 4614 posse
2247 4530 2416 4596 forte
2448 4528 2560 4594 illa
2590 4531 2973 4609 tempestate

2601 4645 2667 4699 12
