3793 5187
1793 545 1872 607 51

664 751 795 813 ster
854 766 1041 830 super
1102 747 1267 814 facto
1325 747 1635 813 dictarum
1698 753 2118 830 treuguarum‚
2177 749 2284 831 qui
2335 750 2412 816 de
2463 748 2602 814 istis
2665 745 2846 813 factis
2907 751 3005 814 est

664 851 896 933 optime
951 848 1321 916 informatus
1376 869 1519 916 cum
1577 850 1687 917 illa
1746 849 2176 917 commissione
2237 869 2358 932 que
2415 850 2851 917 terminabitur
2892 870 3004 933 per

663 953 833 1019 istud
878 953 1222 1020 consilium.

969 1055 1065 1120 De
1106 1058 1287 1137 parte
1329 1059 1431 1121 87.

870 1225 984 1292 Ser
1047 1225 1353 1308 Georgius
1419 1225 1719 1293 Comario
1780 1225 2026 1309 sapiens
2076 1245 2298 1310 guerre
2368 1227 2550 1307 Vult,
2621 1227 2770 1310 quia
2829 1227 3000 1293 istud

668 1328 899 1394 factum
945 1329 1111 1410 quod
1156 1333 1483 1409 tractatur,
1529 1329 1607 1394 de
1652 1329 1954 1394 mittendo
1986 1347 2176 1393 unum
2207 1348 2282 1394 ex
2309 1329 2541 1394 nostris
2570 1331 2832 1395 notariis
2861 1349 3000 1396 cum

668 1431 789 1498 isto
833 1431 1054 1497 nuntio
1104 1431 1491 1497 Serenissimi
1548 1431 1783 1498 domini
1840 1430 2029 1513 Regis
2079 1431 2334 1497 Polouie
2375 1437 2474 1496 est
2509 1450 2728 1512 magne
2773 1432 3005 1514 impor-

666 1533 867 1598 tantie
908 1531 1091 1599 factis
1134 1533 1383 1612 nostriS,
1446 1533 1609 1600 circa
1667 1535 1834 1616 quod
1894 1538 1992 1598 est
2044 1533 2327 1599 habenda
2379 1533 2542 1598 bona
2584 1533 3001 1613 advertentia3

667 1635 861 1702 Vadit
901 1655 1063 1719 parS,
1112 1643 1186 1702 ut
1230 1638 1558 1720 superinde
1601 1638 1799 1720 possit
1842 1637 2236 1718 considerari,
2298 1639 2462 1719 quod
2511 1636 2746 1702 differri
2783 1636 3006 1702 debeat

668 1758 863 1822 usque
926 1758 1081 1820 craS,
1141 1744 1207 1805 et
1258 1741 1423 1823 quod
1477 1741 1578 1807 die
1636 1740 1908 1806 crastino
1966 1744 2220 1807 vocetur
2272 1739 2442 1805 istud
2499 1739 2822 1806 consilium
2880 1739 3006 1805 ista

666 1842 743 1908 de
784 1860 989 1908 causa.

969 1945 1065 2011 De
1106 1949 1287 2028 parte
1374 1950 1473 2012 50.

970 2045 1067 2113 De
1101 2065 1228 2113 non
1432 2053 1495 2115 4.

972 2149 1115 2216 Non
1159 2151 1383 2217 sinceri
1434 2155 1491 2216 3.

1086 2268 1353 2337 (Archivio
1388 2269 1446 2324 di
1476 2273 1627 2324 Scato
1662 2270 1716 2323 in
1764 2269 2000 2336 Vencze'a,

736 2351 1175 2409 Deliberazioni
1210 2353 1430 2410 Senato
1467 2353 1721 2424 Secreto,
1755 2354 1909 2425 Reg.
1945 2355 1993 2418 7,
2029 2359 2192 2410 carte
2227 2355 2338 2422 99.)

1730 2696 1957 2774 XXI.

1223 2834 1649 2904 mccccxvlm.
1694 2836 1789 2904 die
1839 2838 2023 2922 primo
2066 2836 2449 2921 Septembris.

871 3004 1048 3083 Quod
1091 3005 1399 3072 scribatur
1440 3006 1881 3090 circumspecto
1926 3008 2058 3075 viro
2101 3007 2430 3073 Francisco
2471 3007 2550 3073 de
2588 3006 2652 3071 la
2689 3004 2870 3088 Siega
2899 3023 3008 3069 no-

672 3105 832 3172 tario
875 3112 1091 3174 nostro
1133 3108 1200 3173 in
1241 3107 1525 3192 partibus
1569 3108 1910 3177 Carchovie
1951 3110 2017 3176 in
2059 3110 2177 3177 hac
2218 3109 2435 3175 forma.

702 3208 711 3215 “
874 3209 1220 3277 Francisce.
1295 3211 1598 3277 Tenemus
1642 3218 1827 3293 certe,
1889 3214 2054 3296 quod
2115 3218 2394 3295 tempore
2449 3211 2818 3295 receptionis
2872 3229 3010 3294 pre·

667 3310 937 3377 sentium
977 3312 1305 3380 literarum
1349 3320 1722 3396 nostrarum,
1763 3314 1954 3382 fueris
1995 3315 2062 3380 in
2105 3315 2344 3398 pratica
2390 3333 2526 3381 cum
2571 3314 2696 3380 illis
2733 3313 3008 3381 Serenis-

668 3413 843 3479 simis
878 3414 1153 3498 Regibus
1190 3417 1268 3482 de
1309 3420 1573 3500 treugua
1603 3419 1949 3484 tractanda.
2011 3418 2097 3483 Et
2124 3418 2188 3483 in
2219 3436 2364 3483 casu
2400 3436 2522 3501 quo
2556 3417 3010 3484 conclusionem

668 3515 866 3599 ipsius
924 3525 1184 3601 treugue
1241 3537 1354 3601 per
1409 3520 1853 3603 quinquenium
1899 3528 1971 3587 ut
2014 3520 2129 3586 tibi
2184 3525 2282 3588 est
2325 3520 2715 3587 commissum
2760 3519 3010 3585 fecisses

670 3618 769 3685 vel
812 3638 1027 3702 posses
1068 3621 1289 3702 facere,
1355 3619 1583 3689 debeas
1640 3623 1706 3688 in
1765 3622 1930 3689 bona
1985 3624 2187 3707 gratia
2245 3623 2492 3691 firmare
2542 3630 2608 3689 et
2650 3622 3013 3689 concludere

666 3720 901 3789 dictam
945 3726 1288 3806 treuguam,
1330 3742 1470 3791 cum
1514 3725 1715 3792 modis
1752 3725 1869 3791 tibi
1899 3726 2260 3793 commissis.
2334 3726 2408 3791 In
2453 3730 2756 3809 quantum
2801 3727 3011 3790 autem

668 3841 794 3889 non
824 3824 1074 3895 fecisses
1103 3825 1334 3893 dictam
1367 3828 1819 3895 conclusionem
1859 3832 2120 3911 treugae
2145 3847 2260 3910 pro
2290 3828 2684 3911 quinquenio,
2730 3846 2844 3894 nec
2876 3846 3014 3910 spe-

668 3945 843 3993 rares
887 3928 1228 4010 predictam
1274 3934 1600 4013 treuguam
1645 3930 2010 4013 quinquenii
2068 3930 2366 4011 obtinere,
2435 3937 2502 3996 et
2555 3948 2669 4014 per
2709 3930 3012 4013 praticam

671 4028 948 4096 habitam
989 4029 1213 4097 fuisset
1268 4030 1386 4098 tibi
1426 4032 1683 4115 policita
1734 4038 1799 4099 et
1851 4033 2064 4100 oblata
2122 4038 2384 4115 treugua
2435 4052 2547 4115 pro
2590 4033 2770 4099 annis
2813 4033 3014 4099 tribus

671 4132 772 4197 vel
816 4131 962 4199 inde
1004 4150 1209 4216 supra,
1261 4134 1564 4216 volumus,
1610 4141 1676 4201 et
1717 4135 1808 4200 ita
1847 4154 1988 4201 cum
2032 4135 2262 4201 nostris
2305 4135 2578 4201 consiliis
2632 4139 3008 4217 rogatorum,

673 4240 739 4299 et
780 4234 1116 4302 additionis
1159 4234 1275 4301 tibi
1318 4236 1660 4319 scribimus,
1706 4241 1772 4304 et
1813 4238 2196 4320 mandamus,
2244 4244 2552 4320 quatenus
2579 4242 2830 4320 accepto
2857 4241 3012 4302 tem-

672 4356 823 4419 pore
864 4335 1081 4418 habili,
1127 4342 1193 4404 et
1234 4341 1612 4420 condecenti,
1676 4359 2032 4423 compareas
2072 4342 2152 4407 ad
2198 4340 2574 4423 presentiam
2622 4339 3012 4407 Serenissimi

671 4438 907 4505 domini
947 4438 1137 4523 Regis
1180 4441 1429 4524 Polane,
1501 4447 1567 4508 et
1616 4444 1821 4510 dicere
1882 4442 2127 4525 debeaS,
2196 4444 2361 4526 quod
2420 4443 2486 4509 in
2533 4448 2886 4526 conspectu,
2949 4447 3014 4509 et

2605 4562 2673 4616 4*
