3793 5187
1784 483 1867 550 41

1698 773 1960 851 XVII.

1372 912 1713 982 mccccxll.
1761 912 1857 981 die
1899 913 2075 982 xxm.
2118 911 2282 980 lunii.

870 1081 1049 1160 Quod
1100 1081 1410 1150 scribatur
1452 1083 1854 1152 Serenissimo
1902 1084 2229 1152 domino..
2257 1134 2272 1150 .
2315 1082 2471 1167 Regi
2497 1082 2754 1150 Polonie
2780 1082 2846 1150 in
2874 1084 3000 1150 ista

664 1182 883 1266 forma,
928 1185 1241 1253 videlicet:

868 1305 1238 1389 Principalis
1278 1307 1391 1374 dos
1434 1326 1495 1374 a
1515 1307 1631 1375 deo
1674 1309 1825 1375 data
1867 1307 2268 1390 principibuS,
2333 1306 2504 1373 ultra
2555 1305 2996 1373 intellectivam

673 1407 941 1474 animam
986 1426 1122 1475 esse
1163 1410 1548 1493 dignoscitur
1588 1410 1727 1493 ipsa
1771 1411 2100 1476 clementia
2143 1429 2269 1493 qua
2310 1415 2684 1477 venerantur
2712 1411 2997 1490 maioreS,

667 1511 937 1578 minores
979 1512 1171 1578 letam
1216 1513 1409 1579 vitam
1452 1514 1690 1580 ducunt
1732 1514 1984 1597 equales
2021 1517 2195 1580 stant
2223 1513 2505 1580 terminis
2543 1513 2670 1579 suis
2701 1513 2996 1593 contenti,

666 1613 915 1696 justitia
943 1613 1147 1681 locum
1177 1633 1357 1682 suum
1387 1615 1595 1697 habet,
1631 1621 1697 1682 et
1732 1616 2004 1682 breviter
2031 1617 2310 1682 vitantur
2334 1617 2585 1697 scelera,
2632 1619 2697 1682 et
2731 1615 3000 1682 humane

668 1722 951 1784 creature
979 1717 1183 1801 sopito
1213 1720 1355 1786 odio
1384 1721 1465 1786 ad
1495 1721 1822 1786 caritatem
1851 1721 2252 1801 reducuntur,
2284 1738 2408 1803 qua
2434 1721 2668 1786 virtute
2697 1725 2998 1801 cessante,

669 1819 897 1885 nedum
920 1820 1178 1887 minima
1198 1827 1410 1903 ruunt,
1436 1823 1545 1889 sed
1568 1824 1808 1890 nullum
1835 1826 2079 1889 tantum
2101 1843 2358 1907 regnum
2386 1829 2499 1889 aut
2519 1822 2858 1889 dominium
2883 1828 2998 1905 est,

671 1922 838 2003 quod
866 1922 965 1988 sui
1000 1925 1312 2008 ponderis,
1353 1929 1621 2009 gravius,
1666 1932 1731 1992 et
1772 1926 2180 2010 periculosius
2209 1944 2365 1993 onus
2393 1945 2519 1992 non
2549 1927 2797 1992 sentiat.
2853 1925 2999 2006 Qui-

667 2022 785 2090 bus
827 2027 1252 2110 consideratis,
1318 2034 1384 2095 et
1433 2031 1581 2112 quia
1640 2035 1773 2096 tum
1817 2029 1984 2095 fama
2023 2028 2274 2112 publica
2313 2029 2638 2110 referente,
2685 2037 2821 2095 tum
2861 2029 3001 2110 ipsa

674 2127 1058 2210 experientia
1100 2130 1502 2212 approbante,
1571 2132 1709 2215 ipsa
1754 2133 1901 2198 talis
1941 2133 2140 2199 virtus
2177 2133 2504 2215 presertim
2547 2137 2644 2198 est
2683 2132 2893 2212 insita,
2937 2135 3004 2197 et

666 2230 966 2298 radicitus
1030 2251 1262 2300 conexa
1318 2233 1643 2301 excellenti
1701 2239 1908 2302 vestro
1966 2236 2191 2317 animo,
2243 2235 2392 2302 visis
2449 2240 2514 2301 et
2564 2234 2744 2301 lectis
2800 2234 3002 2300 literis

665 2333 888 2399 vestris
931 2335 1138 2418 regiis,
1184 2335 1634 2418 inducentibuS,
1676 2343 1742 2404 et
1778 2338 2176 2404 hortantibus
2220 2356 2336 2404 nos
2365 2339 2445 2406 ad
2476 2357 2692 2421 pacem
2722 2356 2862 2404 cum
2892 2335 3000 2403 Se·

662 2437 988 2505 renissimo
1034 2438 1202 2522 Rege
1245 2439 1683 2523 Romanorum,
1753 2447 1816 2507 et
1859 2441 2195 2524 Hungarie,
2255 2446 2320 2508 et
2377 2440 2885 2508 concludentibus
2929 2444 3003 2504 ut

664 2541 954 2609 daremus
987 2540 1173 2609 fidem
1214 2543 1519 2612 relatibus
1556 2545 1881 2628 prudentis
1925 2545 2043 2611 viri
2083 2543 2315 2611 Thome
2358 2545 2436 2611 de
2478 2543 2692 2625 Diaco,
2739 2543 2847 2626 qui
2885 2560 3000 2610 nos

663 2646 857 2711 vestri
896 2650 1077 2727 parte
1118 2651 1407 2713 oretenus
1460 2648 1827 2730 requisivit,-
1864 2652 1938 2713 ut
1989 2649 2378 2714 mitteremus
2427 2652 2677 2713 nostros
2720 2654 3002 2713 oratores

663 2748 744 2812 ad
786 2752 1058 2813 vestram
1114 2750 1509 2831 presentiam,
1577 2751 1783 2817 dando
1847 2750 2029 2817 nobis
2084 2750 2334 2833 plenam
2396 2768 2569 2832 spem
2621 2750 2788 2816 dicte
2830 2750 3002 2833 pacis

664 2849 987 2916 confestim
1053 2868 1193 2916 cum
1261 2869 1489 2934 magna
1555 2852 1956 2934 confidentia,
2025 2855 2181 2920 duos
2247 2856 2496 2920 nostros
2557 2858 2838 2919 oratores
2903 2870 3002 2918 so-

661 2952 915 3034 lemneS,
961 2972 1103 3020 cum
1145 2953 1469 3021 suffitienti
1511 2955 1804 3023 libertate
1847 2957 2304 3023 transmisimus
2332 2955 2398 3022 in
2428 2955 2834 3039 Hungariam,
2875 2973 3002 3020 non

663 3054 971 3137 obstante,
1034 3058 1204 3139 quod
1261 3057 1372 3123 alii
1428 3059 1551 3125 duo
1604 3060 1805 3125 nostri
1866 3064 2150 3126 oratores
2206 3059 2412 3125 forent
2472 3057 2640 3142 apud
2679 3056 3001 3123 Summum

663 3157 1049 3240 Pontificem,
1094 3178 1207 3242 pro
1249 3162 1582 3227 tractanda
1621 3180 1773 3244 pace
1811 3163 2109 3245 predicta,
2159 3162 2265 3228 ubi
2296 3167 2434 3228 erat
2461 3161 2652 3228 etiam
2679 3180 2842 3228 unus
2870 3180 3000 3226 am-

668 3259 980 3328 bassiator
1022 3264 1256 3330 domini
1296 3264 1486 3347 Regis
1514 3264 1835 3349 Hungarie
1879 3266 2164 3350 predicti,
2211 3283 2398 3332 causa
2426 3264 2724 3347 predicta.
2791 3264 3004 3331 Etiam

666 3382 781 3447 per
836 3363 994 3431 alios
1048 3366 1281 3432 multos
1343 3367 1653 3450 principes
1700 3373 1767 3434 et
1807 3370 2087 3451 prelatos
2123 3368 2408 3451 requisiti
2459 3366 2710 3449 fuimuS,
2779 3365 3004 3450 quibus

666 3466 954 3533 omnibus
981 3469 1411 3551 respondimus
1454 3488 1591 3537 esse
1617 3475 1939 3555 promptos
1982 3473 2062 3539 ad
2105 3490 2338 3556 pacem,
2385 3470 2749 3555 postpositis
2779 3472 3030 3552 expen-'

668 3569 773 3650 sis,
824 3570 1160 3652 laboribus,
1207 3577 1273 3638 et
1313 3573 1603 3655 periculis
1642 3574 2112 3657 quibuscunque
2141 3574 2307 3656 quod
2335 3574 2582 3656 quidem
2612 3577 2710 3640 est
2738 3573 3002 3655 signum,

663 3676 730 3739 et
790 3672 1214 3740 testimonium
1273 3676 1474 3741 nostri
1538 3676 1778 3759 pacifici
1838 3676 2032 3743 animi
2089 3677 2523 3759 patentissimi.
2612 3676 2700 3741 Et
2751 3676 3006 3757 insuper

668 3774 1036 3857 audivimus,
1083 3781 1149 3843 et
1192 3777 1481 3845 scivimus
1517 3798 1629 3862 per
1670 3780 2041 3846 relationem
2081 3779 2359 3862 ipsorum
2404 3784 2762 3845 nostrorum
2792 3778 3003 3844 amba·

669 3878 997 3961 xiatorum,
1044 3881 1152 3963 qui
1191 3898 1390 3963 nuper
1431 3883 1512 3947 ad
1555 3900 1669 3947 nos
1706 3882 1939 3947 reversi
1980 3886 2144 3963 sunt,
2193 3884 2492 3965 optimam
2533 3881 3004 3964 dispositionem

665 3985 874 4047 vestre
900 3982 1272 4063 MaiestatiS,
1318 3984 1399 4048 ad
1441 3983 1980 4066 interpositionem
2007 3984 2198 4066 pacis,
2244 3988 2310 4049 et
2355 3990 2662 4067 quantum
2690 3983 2864 4049 fuere
2895 3982 3003 4049 be-

665 4083 1024 4165 nignissime
1066 4085 1202 4165 visi,
1257 4088 1323 4150 et
1366 4088 1689 4169 acceptati,
1745 4106 1785 4151 a
1830 4091 2039 4153 vestra
2084 4086 2437 4167 clementia;
2504 4086 2604 4153 cui
2645 4086 2866 4153 exinde
2907 4106 3004 4153 re—

664 4184 921 4252 ferimus
985 4187 1331 4270 gratiarum
1394 4187 1736 4254 uberrimas
1781 4190 2075 4255 actiones
2167 4188 2288 4256 Sed
2333 4190 2482 4272 quia
2522 4189 2689 4254 modi
2737 4189 2895 4255 tenti
2939 4189 3006 4253 in

665 4287 1041 4357 licentiando
1086 4308 1210 4370 eoS,
1256 4294 1324 4355 et-
1363 4289 1431 4356 in
1476 4309 1603 4358 non
1645 4293 2064 4375 permittendo
2104 4310 2210 4359 eos
2254 4291 2462 4372 libere,
2510 4295 2575 4358 et
2617 4296 2832 4373 aperte
2862 4308 3003 4356 cum

670 4389 949 4477 quolibet
992 4393 1363 4475 conversari,
1434 4392 1530 4459 uti
1573 4397 1937 4461 consuetum
1981 4399 2080 4461 est
2121 4393 2257 4463 fieri
2301 4397 2366 4460 et
2423 4393 2676 4464 concedi
2719 4392 3002 4466 omnibus
