3793 5187
1890 569 2017 634 212

781 778 1201 861 perorandum
1245 793 1385 842 meo
1428 775 1677 840 nomine
1722 773 2094 857 Supplicans
2138 775 2436 856 quatinus
2487 775 2687 842 eidem
2729 775 2798 842 in
2838 775 3126 841 omnibus

778 901 915 947 meo
958 881 1207 946 nomine
1251 878 1531 945 dicendis
1576 877 2063 959 perorandi-sque
2110 876 2532 960 plenissimam
2570 877 2868 944 adhibere
2911 878 3126 961 digne-

784 989 893 1051 tur
933 983 1139 1062 fidem‚
1184 982 1327 1047 Non
1370 980 1555 1045 aliter
1595 997 1783 1062 quam
1827 979 2289 1062 presentialiter
2329 979 2620 1063 loquerer
2670 998 2876 1047 coram
2907 981 3123 1046 eadem

782 1085 845 1152 S.
884 1086 962 1150 V.
1012 1083 1125 1150 Cui
1169 1087 1409 1167 prestet
1450 1081 1813 1147 Altissimns
1856 1081 2198 1147 sanitatem
2263 1087 2456 1165 atque
2517 1087 2802 1166 tempora
2841 1083 3125 1149 felicissi-

785 1190 905 1255 mis
950 1185 1232 1252 feliciora
1272 1185 1401 1264 din,
1447 1188 1636 1266 prout
1677 1187 1878 1266 optat,
1920 1183 2150 1250 Vestro
2196 1187 2532 1268 augmento
2583 1185 2732 1250 boni
2781 1185 3125 1251 communis

781 1290 1077 1355 iamdicte
1122 1285 1268 1352 fidei
1316 1292 1383 1352 et
1426 1286 1859 1350 consolatione
1901 1303 2057 1350 mea.
2147 1286 2312 1351 Date
2358 1286 2690 1371 Cracowye
2741 1287 2844 1354 die
2885 1285 3126 1352 Octava

784 1391 1023 1458 Mensis
1066 1387 1359 1456 Octobris
1400 1389 1584 1454 Anno
1628 1389 1867 1454 domini
1912 1388 2248 1454 Millesimo
2294 1387 2911 1472 Quadringentesimo
2935 1387 3126 1455 Octo-

776 1495 1011 1580 gesimo
1059 1494 1340 1577 Septimo

1190 1593 1492 1660 Eiusdem
1534 1593 1906 1660 Sanctitatis
1951 1593 2178 1659 Vestre

1858 1693 2140 1762 Devotus
2175 1695 2347 1763 filius
2387 1696 2565 1762 Kaz
2593 1697 2918 1763 imirus

2160 1799 2420 1866 Polonie
2455 1799 2609 1866 Rex.

988 1923 1077 2006 (Α
1124 1920 1336 2004 tergo).
1408 1918 1813 1986 Sanctissimo
1858 1919 1926 1984 in
1962 1918 2198 1985 christo
2244 1921 2410 2002 patri
2452 1925 2518 1987 et
2559 1921 2825 2002 domino,
2871 1919 3122 1987 domino

775 2024 1154 2092 Innocencio
1206 2023 1418 2088 divina
1478 2021 1885 2088 Providencia
1943 2021 2353 2090 Sacrosancte
2406 2024 2686 2090 Romane
2736 2041 2814 2089 ac
2855 2019 3121 2089 Univer-

774 2129 931 2194 salis
974 2125 1252 2193 Ecclesie
1296 2125 1551 2190 Summo
1596 2123 1891 2189 Pontifici
1937 2125 2188 2191 domino
2231 2125 2730 2192 clementissimo.

1217 2259 1483 2332 (Ambivio
1518 2257 1577 2313 di
1608 2257 1763 2313 Scato
1797 2260 1851 2313 in
1900 2259 2158 2328 Veneria).

781 2350 912 2406 Atti
947 2367 979 2405 e
1013 2347 1180 2404 Bolle
1214 2345 1367 2402 della
1404 2344 1585 2401 Curia
1618 2344 1895 2400 Romana.
1955 2345 2140 2400 Busta
2170 2347 2256 2402 28.
2311 2343 2554 2402 Polonia
2587 2347 2637 2402 6.

1796 2672 2084 2750 XCVI.

979 2826 1364 2896 Beatissime
1406 2826 1473 2891 in
1512 2825 1749 2892 christo
1809 2830 1994 2909 pater
2055 2832 2120 2892 et
2162 2826 2409 2893 domine
2461 2826 2709 2895 domine
2770 2829 3120 2896 clementis-

776 2936 932 3003 sime
1005 2932 1103 2997 Ex
1169 2929 1399 2994 litteris
1444 2928 1838 2994 Venerabilis
1884 2929 2134 2995 Andree
2169 2928 2360 3010 Rom,
2409 2930 2720 3013 Prepositi
2761 2932 3121 2999 Lancicien-

775 3040 883 3119 sis,
948 3032 1311 3101 Consiliarii
1378 3037 1444 3097 et
1508 3033 1782 3113 supremi
1846 3032 2187 3098 Secretarii
2248 3037 2439 3115 atque
2502 3030 2790 3099 Oratoris
2855 3034 2978 3100 mei
3039 3036 3122 3100 ad

776 3140 839 3207 S.
871 3140 1165 3204 Vestram
1203 3133 1452 3200 destina
1462 3134 1512 3199 ti
1561 3139 1731 3200 certo
1767 3134 2054 3201 intellexi
2101 3140 2310 3201 vestre
2353 3136 2415 3201 S.
2449 3136 2516 3201 in
2558 3154 2659 3201 me
2701 3135 3026 3221 Natosque
3055 3143 3121 3204 et

776 3243 1061 3325 Regnum
1123 3254 1329 3302 meum
1396 3234 1673 3302 favorem
1737 3241 1803 3303 et
1862 3237 2158 3319 gratiam.
2239 3238 2423 3303 Nunc
2483 3240 2815 3321 presertim
2867 3239 2932 3305 in
2971 3240 3120 3306 Illu-

790 3344 1102 3412 strissimo
1144 3339 1315 3404 Nato
1357 3357 1497 3403 meo
1539 3337 1873 3405 Frederico
1935 3340 2338 3423 singulariter
2398 3340 2755 3424 exhibitam,
2822 3360 3007 3425 quem
3048 3347 3123 3407 ut

789 3466 867 3513 ex
911 3464 983 3512 eo
1032 3443 1168 3526 ipso
1213 3439 1481 3506 Oratore
1521 3442 1758 3523 accipio
1802 3442 1883 3507 ad
1925 3442 2401 3509 Cracoviensem
2441 3443 2784 3511 Ecclesiam
2812 3445 2878 3509 in
2906 3444 3121 3529 Regno

777 3569 915 3616 meo
975 3566 1053 3613 ex
1112 3548 1315 3610 morte
1383 3544 1707 3608 Antistitis
1774 3549 2103 3610 vacantem
2167 3550 2342 3611 motu
2407 3546 2659 3628 proprio
2709 3548 3120 3629 pronunciare

778 3655 1035 3736 dignata
1083 3651 1203 3713 est.
1294 3646 1417 3711 Pro
1461 3664 1586 3728 quo
1630 3646 1802 3710 omni
1864 3646 2156 3713 decencia
2219 3648 2676 3731 devocioneque
2737 3648 2913 3716 filiali
2957 3651 3121 3716 votis

776 3754 1052 3823 eiusdem
1099 3748 1162 3815 S.
1196 3753 1401 3813 vestre
1444 3748 1533 3812 sic
1578 3764 1797 3830 parere
1840 3752 1906 3814 et
1949 3769 2090 3815 eum
2139 3765 2240 3815 me
2285 3750 2574 3817 exhibere
2628 3752 2908 3834 studeb0,
2953 3754 3120 3835 quod

778 3857 1090 3937 intelliget
1134 3850 1195 3917 S.
1240 3854 1450 3915 vestra
1497 3849 1656 3914 nihil
1702 3868 1743 3915 a
1788 3870 1889 3917 me
1933 3852 1999 3916 in
2044 3869 2182 3918 eam
2244 3852 2499 3936 eiusque
2563 3856 2772 3921 sedem
2839 3861 3122 3921 sanctam

777 3977 1054 4044 unquam
1082 3954 1433 4035 neglectum
1464 3968 1619 4028 esse,
1670 3954 1840 4034 quod
1886 3958 1968 4020 ad
1998 3954 2410 4021 christianum
2439 3961 2508 4021 et
2533 3956 2760 4023 Sancte
2789 3956 2934 4023 Sedi
2962 3976 3122 4023 sem-

780 4084 891 4149 per
936 4063 1229 4128 devotum
1272 4054 1630 4136 Principem
1700 4058 2016 4138 pertinere
2081 4059 2324 4125 debeat.
2413 4059 2688 4126 Credens
2729 4060 2982 4126 indubie
3021 4066 3122 4126 at-

773 4188 896 4253 que
962 4168 1083 4247 in'f
1094 4161 1312 4246 primis
1380 4154 1718 4239 confidenS,
1787 4161 1952 4241 quod
2019 4162 2181 4227 sicut
2219 4162 2286 4227 in
2331 4180 2405 4228 eo
2447 4162 2617 4229 Nato
2660 4181 2799 4228 meo
2841 4162 3120 4229 favorem

774 4280 906 4339 tam
952 4267 1399 4336 exuberantem
1470 4260 1763 4327 exhibere
1806 4262 2066 4345 dignata
2109 4272 2224 4346 est,
2291 4264 2380 4330 sic
2423 4266 2612 4331 etiam
2656 4285 2768 4351 pro
2813 4286 2951 4333 meo
2994 4264 3120 4332 Re-

775 4378 883 4460 gni
929 4379 995 4440 et
1038 4370 1443 4437 Subditorum
1502 4379 1779 4429 meorum
1822 4382 2192 4437 ornamento
2239 4370 2456 4436 alciori
2501 4388 2640 4435 cum
2681 4370 2990 4453 dignitate
3023 4370 3120 4434 in-

772 4481 1006 4563 signire
1064 4480 1391 4565 dignabitu
1586 4476 2062 4545 uemadmodum
2130 4474 2207 4539 de
2273 4474 2392 4541 hoc
2454 4474 2591 4556 ipse
2657 4470 2888 4539 Orator
2945 4490 3119 4539 meus
