3793 5187
1940 397 2061 462 104

835 603 1019 684 dicte,
1091 600 1199 668 ubi
1266 602 1416 669 facit
1457 602 1850 683 mentionem,
1920 603 2093 682 Quod
2138 600 2417 684 prefatus
2461 599 2736 666 Aleisius
2784 601 2867 668 sit
2910 600 3165 685 Capita-

837 725 990 772 neus
1032 704 1350 788 galearum
1393 703 1630 770 Summi
1673 704 1991 771 Pontificis
2058 704 2159 770 hic
2220 709 2600 768 armatarum
2678 701 2781 790 [ut
2830 705 2894 769 in
2938 705 3165 770 strictu

841 807 1145 890 Galipolis
1189 812 1409 873 contra
1451 807 1717 890 perfidos
1745 807 2014 873 Teucros
2058 801 2487 892 exerceantur]
2532 804 2903 873 reformetur
2932 808 2997 872 in
3026 812 3167 872 tan-

839 916 992 991 tum,
1057 909 1223 992 quod
1283 909 1544 990 dicatur,
1603 909 1770 992 quod
1834 911 2003 976 Idem
2064 907 2338 974 Aloisius
2389 908 2476 972 sit
2533 906 2909 990 Capitaneus
2960 908 3169 992 galea-

839 1033 976 1078 rum
1021 1011 1259 1078 Summi
1296 1010 1614 1078 Pontificis
1674 1012 1774 1078 hic
1837 1016 2236 1092 armatarum,
2292 1015 2365 1075 ut
2420 1013 2637 1076 contra
2662 1087 2665 1090 .
2688 1010 2956 1077 Teucros
2998 1030 3172 1078 exer-

841 1121 1116 1183 ceantur.

1044 1216 1462 1283 Penultimum
1503 1235 1648 1282 vero
1692 1217 2037 1298 capitulum
2096 1214 2545 1284 commissionis
2610 1216 2889 1297 predicte
2932 1214 3163 1284 faciens

841 1321 1217 1388 mentionem
1254 1320 1333 1385 de
1373 1318 1744 1402 attergando
1785 1319 2014 1402 galeas,
2066 1325 2131 1384 et
2172 1320 2249 1384 de
2278 1337 2535 1384 numero
2564 1336 2779 1383 earum
2807 1318 3164 1386 nullatenus

842 1423 1258 1503 diminuendo,
1308 1421 1674 1488 reformetur
1713 1422 1782 1486 in
1825 1426 2093 1502 tantum,
2138 1422 2305 1502 quod
2349 1421 2459 1485 illa
2498 1420 2705 1500 verba,
2766 1438 2889 1502 que
2934 1419 3174 1488 faciunt

844 1527 1226 1591 mentionem
1270 1525 1348 1590 de
1393 1542 1652 1590 numero
1690 1523 2111 1606 predictarum
2148 1524 2463 1605 galearum
2506 1541 2629 1588 non
2658 1523 3008 1604 minuendo,
3055 1524 3176 1590 tol-

848 1629 1062 1694 lantur
1105 1629 1184 1694 de
1227 1626 1500 1708 capitulo
1543 1625 1983 1708 suprascripto.
2053 1626 2287 1691 Verum
2348 1627 2513 1690 sicut
2554 1625 2719 1690 idem
2760 1625 3047 1692 dominus
3090 1626 3175 1692 le-

844 1735 1029 1812 gatus
1075 1728 1321 1794 videtur
1361 1745 1684 1794 remanere
1731 1731 2082 1806 contentuS‚
2148 1726 2459 1792 scribatur
2512 1743 2622 1809 per
2666 1727 2881 1792 literas
2929 1733 3177 1794 nostras

845 1830 1085 1913 prefato
1124 1829 1362 1895 Aluisio
1413 1828 1773 1912 capitaneo,
1851 1829 2016 1910 quod
2080 1847 2204 1895 una
2268 1848 2406 1895 cum
2463 1830 2599 1911 ipso
2644 1827 3177 1897 Reverendissimo

847 1932 1099 2000 domino
1143 1931 1380 2014 Legato
1423 1949 1560 1998 esse
1604 1929 1846 2010 debeat,
1893 1937 1957 1996 et
2000 1948 2242 1997 omnem
2276 1931 2719 2013 experientiam
2748 1931 2968 2012 facere,
3016 1932 3180 2014 quod

855 2036 910 2100 si
954 2034 1246 2117 possibile
1293 2033 1396 2114 sit,
1451 2053 1576 2100 non
1617 2034 2003 2100 diminuatur
2044 2053 2336 2101 numerus
2377 2035 2695 2118 galearum
2738 2035 3175 2116 predictarum,

857 2137 1267 2217 considerato,
1315 2141 1616 2218 quantum
1662 2137 1831 2202 istud
1870 2137 2167 2220 importat
2210 2137 2291 2204 ad
2335 2136 2563 2202 bonum
2604 2143 2671 2201 et
2714 2136 3037 2203 comodum
3067 2137 3181 2204 hu-

849 2241 948 2306 ius
991 2247 1208 2306 sancte
1252 2238 1557 2320 impresie.

1054 2341 1154 2408 Ad
1183 2341 1524 2424 capitulum
1553 2346 1762 2408 autem
1793 2340 1871 2407 de
1901 2340 2253 2412 obedientia
2280 2341 2622 2422 Capitanei,
2655 2340 2721 2405 in
2749 2359 2874 2424 quo
2907 2339 3180 2424 prefatus

817 2520 824 2526 ‚
855 2443 1428 2511 Reverendissimus
1468 2443 1754 2510 dominus
1791 2443 2063 2526 Legatus
2106 2443 2266 2526 petit
2308 2443 2471 2522 addi,
2518 2443 2685 2523 quod
2728 2443 2919 2508 etiam
2950 2442 3178 2526 Supra-

855 2546 1068 2615 comiti
1129 2545 1293 2613 sicut
1357 2545 1585 2612 dicitur
1629 2546 1707 2612 de
1751 2545 2097 2630 capitaneo
2140 2545 2257 2612 sibi
2305 2544 2613 2625 obediant,
2679 2545 3040 2629 responderi
3080 2546 3185 2614 ‹le-

853 2648 1002 2717 beat
1038 2667 1150 2716 sue
1194 2648 1723 2715 Reverendissime
1783 2648 2168 2731 paternitati,
2237 2648 2403 2729 quod
2468 2650 2705 2729 quanto
2758 2648 2957 2731 magis
2998 2666 3185 2731 super

858 2751 974 2817 hoc
1012 2750 1401 2817 considerare
1443 2750 1766 2830 voluimuS,
1831 2755 2011 2815 tanto
2078 2750 2277 2833 magis
2319 2750 2744 2832 cognoscimus
2786 2756 2853 2816 et
2894 2750 3186 2833 intelligi-

858 2871 997 2919 mus
1021 2852 1224 2935 ipsum
1252 2851 1596 2935 capitulum
1623 2852 1995 2919 rationabile
2020 2851 2685 2931 convenientissimum,
2732 2857 2797 2917 et
2837 2852 3183 2936 honestum,

857 2975 933 3023 ac
977 2954 1198 3022 honori
1243 2968 1307 3020 et
1350 2955 1604 3021 comodo
1669 2954 1906 3021 Summi
1967 2955 2304 3035 Pontificis,
2366 2960 2431 3019 et
2486 2973 2597 3019 sue
2656 2953 3189 3021 Reverendissime

855 3057 1286 3137 PaternitatiS,
1333 3076 1408 3123 ac
1449 3057 1712 3123 utilitati
1757 3056 1940 3123 huius
1984 3056 2271 3139 impresie
2318 3075 2690 3139 magnopere
2733 3056 3034 3137 conferre,
3079 3075 3188 3123 ne-

860 3180 983 3245 que
1025 3159 1319 3239 dubitari,
1364 3160 1550 3226 immo
1582 3160 1995 3225 certissimum
2034 3161 2231 3225 teneri
2260 3158 2463 3240 debet,
2510 3160 2674 3241 quod
2703 3158 2984 3240 prefatus
3016 3159 3190 3226 Alui-

863 3264 992 3329 sius
1037 3261 1432 3345 Capitaneus‚
1494 3261 1743 3345 cognita
1784 3268 2032 3343 natura,
2097 3261 2388 3342 moribuS,
2450 3268 2518 3326 et
2561 3262 2796 3343 optima
2840 3261 3191 3328 conditione

865 3384 997 3445 sua,
1063 3362 1353 3431 obediens
1391 3364 1514 3430 erit
1563 3382 1674 3430 sue
1717 3364 2251 3431 Reverendissime
2295 3364 2693 3445 Paternitati,
2754 3362 2830 3430 ac
2872 3364 2969 3429 his
3016 3383 3193 3432 man-

865 3467 1032 3533 datis
1075 3467 1306 3533 nostris
1349 3484 1588 3533 summo
1633 3468 1839 3534 studio
1877 3466 2237 3534 satisfacere
2278 3466 2657 3550 procurabit.
2746 3466 2832 3531 Et
2874 3467 2991 3532 hoc
3029 3467 3193 3534 idem

867 3588 980 3653 per
1023 3568 1484 3651 Snpracomitos
1528 3572 1593 3634 et
1636 3568 1791 3635 alios
1825 3568 2151 3635 inferiores
2190 3569 2441 3635 indubie
2484 3568 2618 3635 fieri
2658 3570 3069 3635 certissimum
3098 3574 3193 3635 te-

865 3673 998 3737 neri
1043 3671 1244 3738 debet.
1329 3670 1396 3736 Si
1439 3678 1650 3737 autem
1707 3672 2077 3738 adderemus
2120 3673 2183 3737 id
2226 3672 2390 3755 quod
2450 3673 2583 3755 ipse
2624 3672 3195 3738 Reverendissimus

867 3775 1154 3842 dominus
1199 3772 1550 3840 Cardinalis
1595 3780 1890 3856 appetere
1932 3775 2177 3840 videtur
2222 3775 2386 3840 circa
2428 3774 2564 3854 hoc,
2614 3774 2942 3841 manifeste
2970 3792 3194 3857 cogno-

864 3878 1110 3958 scimuS,
1172 3877 1338 3960 quod
1395 3876 1581 3943 rebus
1630 3876 1917 3959 gerendis
1961 3876 2029 3941 in
2066 3877 2183 3943 hac
2222 3882 2439 3942 sancta
2487 3878 2797 3960 impresia,
2858 3878 3195 3945 maximum

868 3980 1306 4046 inconveniens
1349 3984 1413 4045 et
1457 3978 1862 4062 preiudicium
1906 3979 2083 4061 sequi
2113 3986 2342 4062 posset,
2386 3998 2523 4044 cum
2555 3998 2741 4045 onere
2773 3979 3009 4045 Summi
3036 3980 3197 4047 Pon·

866 4081 1052 4147 tificis
1095 4086 1160 4146 et
1203 4100 1314 4147 sue
1357 4080 1887 4149 Reverendissime
1926 4081 2351 4161 Paternitatis,
2401 4100 2475 4147 ac
2517 4081 2819 4165 singulari
2862 4084 3087 4149 damno
3132 4088 3198 4162 et

866 4185 1109 4251 iactura
1151 4184 1511 4267 Reipublice
1553 4189 1783 4250 nostre.
1876 4182 2042 4262 Quas
2086 4184 2169 4249 ob
2211 4203 2310 4250 res
2354 4184 2678 4251 hortamur
2738 4186 2943 4267 ipsum
3003 4186 3197 4269 domi-

871 4306 1020 4353 num
1064 4286 1384 4370 Legatum,
1431 4293 1502 4353 ut
1545 4286 1623 4353 de
1665 4286 1784 4352 hac
1825 4284 2272 4353 deliberatione
2328 4292 2544 4354 nostra
2586 4293 2883 4371 tanquam
2921 4288 3197 4355 rationa-
