3793 5187
1948 613 2073 676 160

1873 863 2129 942 LXX.

976 1036 1457 1106 ΜῦῦῦῦιΧΧἾΙΙ.
1499 1035 1596 1104 die
1644 1038 1684 1104 Ι.
1723 1037 1979 1104 ianuarii
2025 1037 2511 1114 (moncel-XXVI.
2557 1056 2721 1107 more
2761 1041 3020 1118 veneto).

815 1207 1001 1286 Quod
1049 1205 1310 1272 Oratori
1354 1206 1758 1274 serenissimi
1812 1206 2050 1275 domini
2100 1207 2297 1291 Regis
2350 1208 2622 1275 Polonie
2676 1210 3171 1293 respondeam.

1015 1341 1352 1408 Audivisse
1393 1360 1509 1408 nos
1550 1342 1756 1409 multa
1813 1342 2213 1426 Jocunditate
2282 1360 2361 1408 ea
2426 1361 2553 1424 que
2613 1343 2797 1410 nobis
2865 1347 3162 1428 exposuit

814 1445 1058 1513 duobus
1118 1445 1452 1527 presertim
1492 1445 1880 1511 rationibus:
1944 1449 2011 1511 et
2073 1445 2225 1526 quia
2278 1445 2471 1527 plena
2531 1451 2682 1512 sunt
2732 1446 3045 1531 sapientie
3096 1453 3163 1514 et

812 1547 1145 1632 gravitatis
1200 1547 1398 1630 regie,
1455 1546 1774 1629 plenaque
1828 1547 2168 1630 singularis
2233 1565 2389 1629 erga
2445 1565 2563 1614 nos
2615 1546 3039 1616 benivolentia
3090 1557 3158 1617 et

810 1651 1067 1717 amoris:
1114 1653 1179 1716 et
1207 1649 1359 1731 quia
1387 1648 1677 1730 exposite
1707 1648 1789 1715 ab
1824 1649 1968 1731 ipso
1994 1647 2335 1731 Magnifico
2368 1655 2623 1716 oratore
2662 1652 3157 1733 prudentissime

812 1758 879 1818 et
941 1751 1437 1835 elegantissime,
1495 1756 1569 1816 ut
1629 1769 1736 1817 res
1803 1754 2034 1834 suapte
2098 1756 2328 1817 natura
2390 1770 2619 1836 magne
2673 1757 2741 1818 et
2796 1753 3166 1835 ponderose

812 1860 1036 1920 ornate
1077 1853 1440 1936 plurimum,
1486 1857 1552 1918 et
1593 1871 1736 1919 cum
1779 1872 1903 1920 sua
1944 1852 2257 1936 dignitate
2306 1854 2621 1936 explicate
2664 1855 2811 1922 sint.
2870 1855 2959 1921 Et
2990 1857 3156 1922 sicut

807 1957 987 2040 regie
1031 1955 1420 2023 Sublimitati
1479 1955 1774 2039 ingentes
1841 1957 2089 2038 gratias
2149 1975 2345 2040 agere
2399 1957 2699 2024 debemus
2752 1963 2820 2023 et
2877 1961 3161 2043 agimus:

808 2058 904 2123 ita
963 2063 1063 2124 est
1120 2063 1341 2124 orator
1385 2059 1524 2140 ipse
1583 2058 1794 2140 gratia
1853 2059 2127 2139 plurima
2184 2058 2356 2143 apud
2414 2060 2660 2142 regiam
2704 2061 3159 2128 celsitudinem

811 2159 1056 2243 dignuS,
1105 2164 1170 2228 et
1213 2161 1383 2243 apud
1427 2179 1546 2227 nos
1591 2161 2133 2228 commendatione
2177 2169 2245 2228 et
2280 2163 2488 2230 laude.

1018 2263 1260 2329 Cuncta
1293 2266 1527 2339 autem,
1577 2280 1700 2344 que
1731 2262 1917 2329 nobis
1965 2265 2261 2348 exposuit
2304 2265 2387 2330 de
2438 2283 2698 2333 accessu
2746 2270 2811 2332 et
2859 2285 3167 2349 regressu·

809 2370 1134 2433 oratorum
1177 2370 1243 2430 et
1286 2365 1650 2432 nuntiorum
1701 2370 2070 2432 nostrorum
2132 2385 2253 2449 per
2308 2367 2728 2449 amplissimas
2774 2367 3049 2436 ditiones
3094 2373 3166 2434 et

807 2485 1008 2550 regna
1030 2468 1210 2552 regie
1240 2469 1678 2548 SublimitatiS,
1701 2487 1919 2534 rerum
1950 2469 2437 2536 christianarum
2466 2489 2680 2552 causa,
2703 2471 2910 2552 deque
2938 2475 3161 2536 nostra

807 2589 923 2654 spe
969 2577 1035 2639 et
1081 2571 1308 2640 fidutia
1364 2573 1430 2639 in
1480 2572 1719 2655 regiam
1763 2572 2173 2640 Maiestatem
2238 2575 2561 2658 postulato
2614 2575 2831 2659 sepius
2896 2573 3157 2640 consilio

805 2672 1026 2741 favore
1069 2679 1135 2741 et
1176 2676 1410 2742 auxilio
1454 2675 1539 2740 ad
1601 2676 1942 2741 transitum
2004 2694 2244 2757 eorum,
2288 2675 2493 2758 deque
2535 2677 2784 2743 liberali
2842 2677 3050 2743 amica
3094 2681 3161 2742 et

805 2795 963 2860 rege
998 2778 1340 2844 christiano
1384 2778 1580 2860 digna
1623 2776 1689 2842 in
1734 2777 1968 2843 eisdem
2017 2778 2319 2843 comitate
2364 2782 2430 2843 et
2474 2778 2945 2844 commodorum
2988 2778 3159 2860 peti-

805 2886 1018 2947 torum
1063 2882 1479 2965 prestatione,
1508 2898 1660 2946 vera
1701 2886 1852 2946 sunt
1893 2885 1959 2945 et
1994 2880 2197 2945 multa
2238 2880 2383 2961 alia,
2415 2898 2537 2961 que
2567 2884 2846 2946 veterem
2875 2898 3158 2945 amorem

805 2987 1096 3049 nostrum
1139 2984 1376 3049 cultum
1413 2986 1480 3048 et
1515 2981 1986 3048 observantiam
2024 2982 2089 3046 in
2118 2982 2383 3047 eandem
2426 2981 2665 3065 regiam
2700 2981 3153 3048 celsitudinem

804 3086 1152 3167 auxissent,
1200 3087 1254 3152 si
1285 3085 1504 3167 augeri
1534 3086 1867 3168 potuisset,
1913 3090 1986 3151 ut
2030 3086 2259 3150 mirum
2288 3087 2353 3151 in
2395 3085 2654 3150 modum
2696 3093 2950 3152 nostras
2996 3104 3152 3167 erga

800 3207 875 3254 se
921 3189 1343 3271 obligationes
1404 3208 1661 3256 auxere.
1749 3188 1975 3255 Mirari
2016 3194 2228 3255 autem
2274 3188 2520 3255 desinat
2578 3188 2758 3270 regia
2807 3187 3147 3268 celsitudo,

803 3292 860 3357 si
903 3310 1022 3357 nos
1066 3291 1150 3357 ad
1179 3289 1490 3357 barbaras
1533 3291 1818 3358 misimus
1847 3292 2140 3358 nationes
2170 3296 2425 3358 nostros
2455 3296 2745 3357 oratores
2777 3296 2843 3356 et
2871 3291 3148 3369 nuntioS‚

804 3394 1104 3475 quoniam
1162 3393 1528 3475 magnitudo
1574 3393 1728 3460 belli
1774 3393 2105 3460 christiani
2147 3394 2214 3459 id
2256 3394 2610 3477 persuasit3
2655 3411 2783 3459 non
2839 3392 2988 3473 quia
3029 3410 3149 3457 nos

801 3497 1052 3579 penitus
1095 3495 1373 3561 laterent
1414 3496 1666 3561 illarum
1709 3496 1993 3578 gentium
2042 3497 2458 3578 conditiones,
2500 3495 2615 3562 sed
2662 3514 2740 3560 ex
2777 3513 2902 3560 uno
2946 3494 3158 3559 latere

802 3598 1073 3665 tarditas
1113 3597 1617 3681 christianorum,
1645 3598 1975 3665 dissidium
2007 3606 2073 3666 et
2092 3599 2405 3667 discordia
2446 3600 2614 3665 inter
2652 3617 2723 3665 se
2768 3601 2834 3665 et
2864 3596 3149 3663 sexcenti

803 3698 1091 3766 difficiles
1136 3704 1202 3765 et
1246 3718 1356 3766 eos
1399 3707 1795 3767 remorantes
1823 3707 2153 3785 respectus
2201 3706 2267 3767 et
2298 3720 2509 3781 cause,
2556 3720 2635 3766 ex
2668 3701 2872 3766 altero
2902 3700 3147 3781 magni-

801 3802 956 3869 tudo
1001 3802 1151 3868 beni
1195 3802 1541 3884 vigentium
1584 3808 1652 3869 et
1693 3804 2120 3887 periculorum
2176 3803 2482 3869 instantia
2538 3820 2655 3868 nos
2719 3800 3025 3882 impulere
3064 3799 3153 3864 ad

803 3924 880 3971 ea
925 3905 1261 3989 cogitanda
1304 3910 1370 3971 et
1397 3906 1720 3987 tentanda,
1771 3923 1896 3986 que
1941 3912 2008 3971 et
2048 3906 2323 3987 antiquis
2372 3910 2437 3971 et
2466 3901 2955 3987 proximioribus
2986 3908 3146 3967 tem-

799 4006 1063 4091 poribus
1091 4006 1399 4088 accidere,
1431 4013 1506 4077 ut
1531 4008 1745 4073 dicere
1771 4008 2206 4089 potuerimus:
2240 4006 2497 4073 flectere
2520 4006 2575 4071 si
2604 4022 2850 4085 nequeo
2882 4021 3147 4086 superos

803 4114 920 4176 etc.
1005 4108 1231 4189 Neque
1272 4128 1313 4173 a
1355 4108 1604 4174 ratione
1647 4114 1713 4174 et
1757 4110 2099 4190 prudentia
2144 4109 2469 4174 dissonum
2530 4112 2645 4172 aut
2700 4106 2889 4171 aliter
2931 4106 3147 4171 incon-

799 4212 1058 4279 veniens
1087 4215 1456 4294 reputamus
1483 4210 1836 4293 potentiam
1878 4210 2207 4277 christiani
2236 4210 2439 4275 hostis
2472 4209 2661 4275 Turci
2694 4209 3051 4291 oppugnari
3081 4214 3147 4273 et

803 4314 1075 4396 opprimi
1119 4313 1414 4379 similium
1458 4312 1737 4379 hostium
1775 4312 2033 4389 viribuS,
2078 4314 2135 4379 si
2174 4312 2348 4378 Deus
2394 4312 2718 4393 voluisset,
2750 4312 3020 4377 accessit
3064 4310 3147 4375 ad

802 4416 919 4482 hec
949 4417 1159 4481 omnia
1189 4414 1614 4482 consideratio
1639 4420 1880 4496 nostra,
1908 4414 2079 4496 quod
2108 4414 2163 4481 si
2191 4420 2407 4481 cetera
2433 4414 2639 4479 minus
2670 4416 3145 4493 successissent,

799 4537 923 4584 non
971 4518 1194 4585 deerat
1235 4524 1450 4583 tamen
1495 4518 1893 4584 commodum
1934 4517 2197 4584 alicuius
2227 4515 2651 4599 reputationis
2696 4521 2764 4581 et
2792 4515 3145 4599 imaginarii
